%YAML 1.1
%TAG !u! tag:unity3d.com,2011:
--- !u!1 &1519391413253102646
GameObject:
  m_ObjectHideFlags: 0
  m_CorrespondingSourceObject: {fileID: 0}
  m_PrefabInstance: {fileID: 0}
  m_PrefabAsset: {fileID: 0}
  serializedVersion: 6
  m_Component:
  - component: {fileID: 7698168606728261826}
  - component: {fileID: 8539702190416104466}
  m_Layer: 6
  m_Name: PressurePlateSensor
  m_TagString: Untagged
  m_Icon: {fileID: 0}
  m_NavMeshLayer: 0
  m_StaticEditorFlags: 0
  m_IsActive: 1
--- !u!4 &7698168606728261826
Transform:
  m_ObjectHideFlags: 0
  m_CorrespondingSourceObject: {fileID: 0}
  m_PrefabInstance: {fileID: 0}
  m_PrefabAsset: {fileID: 0}
  m_GameObject: {fileID: 1519391413253102646}
  m_LocalRotation: {x: -0, y: -0, z: -0, w: 1}
  m_LocalPosition: {x: 0, y: 0, z: 0}
  m_LocalScale: {x: 1, y: 1, z: 1}
  m_ConstrainProportionsScale: 0
  m_Children: []
  m_Father: {fileID: 4495720352600018443}
  m_RootOrder: -1
  m_LocalEulerAnglesHint: {x: 0, y: 0, z: 0}
--- !u!114 &8539702190416104466
MonoBehaviour:
  m_ObjectHideFlags: 0
  m_CorrespondingSourceObject: {fileID: 0}
  m_PrefabInstance: {fileID: 0}
  m_PrefabAsset: {fileID: 0}
  m_GameObject: {fileID: 1519391413253102646}
  m_Enabled: 1
  m_EditorHideFlags: 0
  m_Script: {fileID: 11500000, guid: d1c810fe1177419ab323a6cbd26c92ff, type: 3}
  m_Name: 
  m_EditorClassIdentifier: 
  shape: 0
  radius: 1.25
  height: 2
--- !u!1 &5697677218067498647
GameObject:
  m_ObjectHideFlags: 0
  m_CorrespondingSourceObject: {fileID: 0}
  m_PrefabInstance: {fileID: 0}
  m_PrefabAsset: {fileID: 0}
  serializedVersion: 6
  m_Component:
  - component: {fileID: 4495720352600018443}
  - component: {fileID: 6469252324470169626}
  - component: {fileID: 5880344571612450280}
  - component: {fileID: 4438406306832033941}
  - component: {fileID: 3192478361121326784}
  - component: {fileID: 310381074876498927}
  - component: {fileID: 1213549227240575913}
  m_Layer: 0
  m_Name: DeathBoxBase
  m_TagString: Ground
  m_Icon: {fileID: 0}
  m_NavMeshLayer: 0
  m_StaticEditorFlags: 0
  m_IsActive: 1
--- !u!4 &4495720352600018443
Transform:
  m_ObjectHideFlags: 0
  m_CorrespondingSourceObject: {fileID: 0}
  m_PrefabInstance: {fileID: 0}
  m_PrefabAsset: {fileID: 0}
  m_GameObject: {fileID: 5697677218067498647}
  m_LocalRotation: {x: 0, y: 0, z: 0, w: 1}
  m_LocalPosition: {x: 0, y: 2.7, z: 0}
  m_LocalScale: {x: 3.5, y: 5, z: 3.5}
  m_ConstrainProportionsScale: 0
  m_Children:
  - {fileID: 1771599170822849864}
  - {fileID: 7959556624550293452}
  - {fileID: 4042330724038797253}
  - {fileID: 1211657358076285248}
  - {fileID: 5258293429753465004}
  - {fileID: 7698168606728261826}
  - {fileID: 7365996261868346308}
  m_Father: {fileID: 0}
  m_RootOrder: 0
  m_LocalEulerAnglesHint: {x: 0, y: 0, z: 0}
--- !u!33 &6469252324470169626
MeshFilter:
  m_ObjectHideFlags: 0
  m_CorrespondingSourceObject: {fileID: 0}
  m_PrefabInstance: {fileID: 0}
  m_PrefabAsset: {fileID: 0}
  m_GameObject: {fileID: 5697677218067498647}
  m_Mesh: {fileID: 10202, guid: 0000000000000000e000000000000000, type: 0}
--- !u!23 &5880344571612450280
MeshRenderer:
  m_ObjectHideFlags: 0
  m_CorrespondingSourceObject: {fileID: 0}
  m_PrefabInstance: {fileID: 0}
  m_PrefabAsset: {fileID: 0}
  m_GameObject: {fileID: 5697677218067498647}
  m_Enabled: 1
  m_CastShadows: 1
  m_ReceiveShadows: 1
  m_DynamicOccludee: 1
  m_StaticShadowCaster: 0
  m_MotionVectors: 1
  m_LightProbeUsage: 1
  m_ReflectionProbeUsage: 1
  m_RayTracingMode: 2
  m_RayTraceProcedural: 0
  m_RenderingLayerMask: 1
  m_RendererPriority: 0
  m_Materials:
  - {fileID: 2100000, guid: dd9fbe382d961ff46bd9ed06b3a43616, type: 2}
  m_StaticBatchInfo:
    firstSubMesh: 0
    subMeshCount: 0
  m_StaticBatchRoot: {fileID: 0}
  m_ProbeAnchor: {fileID: 0}
  m_LightProbeVolumeOverride: {fileID: 0}
  m_ScaleInLightmap: 1
  m_ReceiveGI: 1
  m_PreserveUVs: 0
  m_IgnoreNormalsForChartDetection: 0
  m_ImportantGI: 0
  m_StitchLightmapSeams: 1
  m_SelectedEditorRenderState: 3
  m_MinimumChartSize: 4
  m_AutoUVMaxDistance: 0.5
  m_AutoUVMaxAngle: 89
  m_LightmapParameters: {fileID: 0}
  m_SortingLayerID: 0
  m_SortingLayer: 0
  m_SortingOrder: 0
  m_AdditionalVertexStreams: {fileID: 0}
--- !u!114 &4438406306832033941
MonoBehaviour:
  m_ObjectHideFlags: 0
  m_CorrespondingSourceObject: {fileID: 0}
  m_PrefabInstance: {fileID: 0}
  m_PrefabAsset: {fileID: 0}
  m_GameObject: {fileID: 5697677218067498647}
  m_Enabled: 1
  m_EditorHideFlags: 0
  m_Script: {fileID: 11500000, guid: ea0bb2a4dda27cf4bb80b1f644ec6f5c, type: 3}
  m_Name: 
  m_EditorClassIdentifier: 
  boxSlidingVolume: 0.2
--- !u!114 &3192478361121326784
MonoBehaviour:
  m_ObjectHideFlags: 0
  m_CorrespondingSourceObject: {fileID: 0}
  m_PrefabInstance: {fileID: 0}
  m_PrefabAsset: {fileID: 0}
  m_GameObject: {fileID: 5697677218067498647}
  m_Enabled: 1
  m_EditorHideFlags: 0
  m_Script: {fileID: 11500000, guid: a92c7b4dd403ff44aa14c8fe514285fa, type: 3}
  m_Name: 
  m_EditorClassIdentifier: 
--- !u!65 &310381074876498927
BoxCollider:
  m_ObjectHideFlags: 0
  m_CorrespondingSourceObject: {fileID: 0}
  m_PrefabInstance: {fileID: 0}
  m_PrefabAsset: {fileID: 0}
  m_GameObject: {fileID: 5697677218067498647}
  m_Material: {fileID: 13400000, guid: 5b30e3ab5d60c9e42bed81d62aa7f52d, type: 2}
  m_IncludeLayers:
    serializedVersion: 2
    m_Bits: 0
  m_ExcludeLayers:
    serializedVersion: 2
    m_Bits: 0
  m_LayerOverridePriority: 0
  m_IsTrigger: 0
  m_ProvidesContacts: 0
  m_Enabled: 1
  serializedVersion: 3
  m_Size: {x: 1, y: 1, z: 1}
  m_Center: {x: 0, y: 0, z: 0}
--- !u!54 &1213549227240575913
Rigidbody:
  m_ObjectHideFlags: 0
  m_CorrespondingSourceObject: {fileID: 0}
  m_PrefabInstance: {fileID: 0}
  m_PrefabAsset: {fileID: 0}
  m_GameObject: {fileID: 5697677218067498647}
  serializedVersion: 4
  m_Mass: 1
  m_Drag: 0
  m_AngularDrag: 0.05
  m_CenterOfMass: {x: 0, y: 0, z: 0}
  m_InertiaTensor: {x: 1, y: 1, z: 1}
  m_InertiaRotation: {x: 0, y: 0, z: 0, w: 1}
  m_IncludeLayers:
    serializedVersion: 2
    m_Bits: 0
  m_ExcludeLayers:
    serializedVersion: 2
    m_Bits: 0
  m_ImplicitCom: 1
  m_ImplicitTensor: 1
  m_UseGravity: 1
  m_IsKinematic: 1
  m_Interpolate: 0
  m_Constraints: 126
  m_CollisionDetection: 0
--- !u!1 &8487392084596586560
GameObject:
  m_ObjectHideFlags: 0
  m_CorrespondingSourceObject: {fileID: 0}
  m_PrefabInstance: {fileID: 0}
  m_PrefabAsset: {fileID: 0}
  serializedVersion: 6
  m_Component:
  - component: {fileID: 7365996261868346308}
  - component: {fileID: 6276734616561094290}
  m_Layer: 6
  m_Name: Stimuli
  m_TagString: Untagged
  m_Icon: {fileID: 0}
  m_NavMeshLayer: 0
  m_StaticEditorFlags: 0
  m_IsActive: 1
--- !u!4 &7365996261868346308
Transform:
  m_ObjectHideFlags: 0
  m_CorrespondingSourceObject: {fileID: 0}
  m_PrefabInstance: {fileID: 0}
  m_PrefabAsset: {fileID: 0}
  m_GameObject: {fileID: 8487392084596586560}
  m_LocalRotation: {x: -0, y: -0, z: -0, w: 1}
  m_LocalPosition: {x: 0, y: 0, z: 0}
  m_LocalScale: {x: 1, y: 1, z: 1}
  m_ConstrainProportionsScale: 0
  m_Children: []
  m_Father: {fileID: 4495720352600018443}
  m_RootOrder: -1
  m_LocalEulerAnglesHint: {x: 0, y: 0, z: 0}
--- !u!114 &6276734616561094290
MonoBehaviour:
  m_ObjectHideFlags: 0
  m_CorrespondingSourceObject: {fileID: 0}
  m_PrefabInstance: {fileID: 0}
  m_PrefabAsset: {fileID: 0}
  m_GameObject: {fileID: 8487392084596586560}
  m_Enabled: 1
  m_EditorHideFlags: 0
  m_Script: {fileID: 11500000, guid: 2d523b1451204f6aa914a27d5deda94c, type: 3}
  m_Name: 
  m_EditorClassIdentifier: 
  shape: 0
  radius: 1.25
  height: 2
--- !u!1001 &1118718645574464722
PrefabInstance:
  m_ObjectHideFlags: 0
  serializedVersion: 2
  m_Modification:
    serializedVersion: 3
    m_TransformParent: {fileID: 4495720352600018443}
    m_Modifications:
    - target: {fileID: 4007995646046409495, guid: b0b49bb9a10fc1c498242759ed2f299a,
        type: 3}
      propertyPath: m_RootOrder
      value: -1
      objectReference: {fileID: 0}
    - target: {fileID: 4007995646046409495, guid: b0b49bb9a10fc1c498242759ed2f299a,
        type: 3}
      propertyPath: m_LocalScale.x
      value: 0.24851026
      objectReference: {fileID: 0}
    - target: {fileID: 4007995646046409495, guid: b0b49bb9a10fc1c498242759ed2f299a,
        type: 3}
      propertyPath: m_LocalScale.y
      value: 0.24851026
      objectReference: {fileID: 0}
    - target: {fileID: 4007995646046409495, guid: b0b49bb9a10fc1c498242759ed2f299a,
        type: 3}
      propertyPath: m_LocalScale.z
      value: 0.18744174
      objectReference: {fileID: 0}
    - target: {fileID: 4007995646046409495, guid: b0b49bb9a10fc1c498242759ed2f299a,
        type: 3}
      propertyPath: m_LocalPosition.x
      value: -0.5
      objectReference: {fileID: 0}
    - target: {fileID: 4007995646046409495, guid: b0b49bb9a10fc1c498242759ed2f299a,
        type: 3}
      propertyPath: m_LocalPosition.y
      value: 0.15
      objectReference: {fileID: 0}
    - target: {fileID: 4007995646046409495, guid: b0b49bb9a10fc1c498242759ed2f299a,
        type: 3}
      propertyPath: m_LocalPosition.z
      value: 0
      objectReference: {fileID: 0}
    - target: {fileID: 4007995646046409495, guid: b0b49bb9a10fc1c498242759ed2f299a,
        type: 3}
      propertyPath: m_LocalRotation.w
      value: -0.5
      objectReference: {fileID: 0}
    - target: {fileID: 4007995646046409495, guid: b0b49bb9a10fc1c498242759ed2f299a,
        type: 3}
      propertyPath: m_LocalRotation.x
      value: -0.5
      objectReference: {fileID: 0}
    - target: {fileID: 4007995646046409495, guid: b0b49bb9a10fc1c498242759ed2f299a,
        type: 3}
      propertyPath: m_LocalRotation.y
      value: 0.5
      objectReference: {fileID: 0}
    - target: {fileID: 4007995646046409495, guid: b0b49bb9a10fc1c498242759ed2f299a,
        type: 3}
      propertyPath: m_LocalRotation.z
      value: -0.5
      objectReference: {fileID: 0}
    - target: {fileID: 4007995646046409495, guid: b0b49bb9a10fc1c498242759ed2f299a,
        type: 3}
      propertyPath: m_LocalEulerAnglesHint.x
      value: 90
      objectReference: {fileID: 0}
    - target: {fileID: 4007995646046409495, guid: b0b49bb9a10fc1c498242759ed2f299a,
        type: 3}
      propertyPath: m_LocalEulerAnglesHint.y
      value: 90
      objectReference: {fileID: 0}
    - target: {fileID: 4007995646046409495, guid: b0b49bb9a10fc1c498242759ed2f299a,
        type: 3}
      propertyPath: m_LocalEulerAnglesHint.z
      value: -180
      objectReference: {fileID: 0}
    - target: {fileID: 4007995646046834487, guid: b0b49bb9a10fc1c498242759ed2f299a,
        type: 3}
      propertyPath: m_Name
      value: BoxSide (2)
      objectReference: {fileID: 0}
    m_RemovedComponents: []
    m_RemovedGameObjects: []
    m_AddedGameObjects: []
    m_AddedComponents: []
  m_SourcePrefab: {fileID: 100100000, guid: b0b49bb9a10fc1c498242759ed2f299a, type: 3}
--- !u!4 &4042330724038797253 stripped
Transform:
  m_CorrespondingSourceObject: {fileID: 4007995646046409495, guid: b0b49bb9a10fc1c498242759ed2f299a,
    type: 3}
  m_PrefabInstance: {fileID: 1118718645574464722}
  m_PrefabAsset: {fileID: 0}
--- !u!1001 &2832739137067975255
PrefabInstance:
  m_ObjectHideFlags: 0
  serializedVersion: 2
  m_Modification:
    serializedVersion: 3
    m_TransformParent: {fileID: 4495720352600018443}
    m_Modifications:
    - target: {fileID: 4007995646046409495, guid: b0b49bb9a10fc1c498242759ed2f299a,
        type: 3}
      propertyPath: m_RootOrder
      value: -1
      objectReference: {fileID: 0}
    - target: {fileID: 4007995646046409495, guid: b0b49bb9a10fc1c498242759ed2f299a,
        type: 3}
      propertyPath: m_LocalScale.x
      value: 0.24851026
      objectReference: {fileID: 0}
    - target: {fileID: 4007995646046409495, guid: b0b49bb9a10fc1c498242759ed2f299a,
        type: 3}
      propertyPath: m_LocalScale.y
      value: 0.24851026
      objectReference: {fileID: 0}
    - target: {fileID: 4007995646046409495, guid: b0b49bb9a10fc1c498242759ed2f299a,
        type: 3}
      propertyPath: m_LocalScale.z
      value: 0.18744174
      objectReference: {fileID: 0}
    - target: {fileID: 4007995646046409495, guid: b0b49bb9a10fc1c498242759ed2f299a,
        type: 3}
      propertyPath: m_LocalPosition.x
      value: 0.5
      objectReference: {fileID: 0}
    - target: {fileID: 4007995646046409495, guid: b0b49bb9a10fc1c498242759ed2f299a,
        type: 3}
      propertyPath: m_LocalPosition.y
      value: 0.15
      objectReference: {fileID: 0}
    - target: {fileID: 4007995646046409495, guid: b0b49bb9a10fc1c498242759ed2f299a,
        type: 3}
      propertyPath: m_LocalPosition.z
      value: 0
      objectReference: {fileID: 0}
    - target: {fileID: 4007995646046409495, guid: b0b49bb9a10fc1c498242759ed2f299a,
        type: 3}
      propertyPath: m_LocalRotation.w
      value: 0.5
      objectReference: {fileID: 0}
    - target: {fileID: 4007995646046409495, guid: b0b49bb9a10fc1c498242759ed2f299a,
        type: 3}
      propertyPath: m_LocalRotation.x
      value: 0.5
      objectReference: {fileID: 0}
    - target: {fileID: 4007995646046409495, guid: b0b49bb9a10fc1c498242759ed2f299a,
        type: 3}
      propertyPath: m_LocalRotation.y
      value: 0.5
      objectReference: {fileID: 0}
    - target: {fileID: 4007995646046409495, guid: b0b49bb9a10fc1c498242759ed2f299a,
        type: 3}
      propertyPath: m_LocalRotation.z
      value: -0.5
      objectReference: {fileID: 0}
    - target: {fileID: 4007995646046409495, guid: b0b49bb9a10fc1c498242759ed2f299a,
        type: 3}
      propertyPath: m_LocalEulerAnglesHint.x
      value: 90
      objectReference: {fileID: 0}
    - target: {fileID: 4007995646046409495, guid: b0b49bb9a10fc1c498242759ed2f299a,
        type: 3}
      propertyPath: m_LocalEulerAnglesHint.y
      value: -90
      objectReference: {fileID: 0}
    - target: {fileID: 4007995646046409495, guid: b0b49bb9a10fc1c498242759ed2f299a,
        type: 3}
      propertyPath: m_LocalEulerAnglesHint.z
      value: -180
      objectReference: {fileID: 0}
    - target: {fileID: 4007995646046834487, guid: b0b49bb9a10fc1c498242759ed2f299a,
        type: 3}
      propertyPath: m_Name
      value: BoxSide (3)
      objectReference: {fileID: 0}
    m_RemovedComponents: []
    m_RemovedGameObjects: []
    m_AddedGameObjects: []
    m_AddedComponents: []
  m_SourcePrefab: {fileID: 100100000, guid: b0b49bb9a10fc1c498242759ed2f299a, type: 3}
--- !u!4 &1211657358076285248 stripped
Transform:
  m_CorrespondingSourceObject: {fileID: 4007995646046409495, guid: b0b49bb9a10fc1c498242759ed2f299a,
    type: 3}
  m_PrefabInstance: {fileID: 2832739137067975255}
  m_PrefabAsset: {fileID: 0}
--- !u!1001 &3389731406672123487
PrefabInstance:
  m_ObjectHideFlags: 0
  serializedVersion: 2
  m_Modification:
    serializedVersion: 3
    m_TransformParent: {fileID: 4495720352600018443}
    m_Modifications:
    - target: {fileID: 4007995646046409495, guid: b0b49bb9a10fc1c498242759ed2f299a,
        type: 3}
      propertyPath: m_RootOrder
      value: -1
      objectReference: {fileID: 0}
    - target: {fileID: 4007995646046409495, guid: b0b49bb9a10fc1c498242759ed2f299a,
        type: 3}
      propertyPath: m_LocalScale.x
      value: 0.24851026
      objectReference: {fileID: 0}
    - target: {fileID: 4007995646046409495, guid: b0b49bb9a10fc1c498242759ed2f299a,
        type: 3}
      propertyPath: m_LocalScale.y
      value: 0.24851026
      objectReference: {fileID: 0}
    - target: {fileID: 4007995646046409495, guid: b0b49bb9a10fc1c498242759ed2f299a,
        type: 3}
      propertyPath: m_LocalScale.z
      value: 0.18744177
      objectReference: {fileID: 0}
    - target: {fileID: 4007995646046409495, guid: b0b49bb9a10fc1c498242759ed2f299a,
        type: 3}
      propertyPath: m_LocalPosition.x
      value: 0
      objectReference: {fileID: 0}
    - target: {fileID: 4007995646046409495, guid: b0b49bb9a10fc1c498242759ed2f299a,
        type: 3}
      propertyPath: m_LocalPosition.y
      value: 0.15
      objectReference: {fileID: 0}
    - target: {fileID: 4007995646046409495, guid: b0b49bb9a10fc1c498242759ed2f299a,
        type: 3}
      propertyPath: m_LocalPosition.z
      value: 0.5
      objectReference: {fileID: 0}
    - target: {fileID: 4007995646046409495, guid: b0b49bb9a10fc1c498242759ed2f299a,
        type: 3}
      propertyPath: m_LocalRotation.w
      value: 0.7071068
      objectReference: {fileID: 0}
    - target: {fileID: 4007995646046409495, guid: b0b49bb9a10fc1c498242759ed2f299a,
        type: 3}
      propertyPath: m_LocalRotation.x
      value: 0.7071068
      objectReference: {fileID: 0}
    - target: {fileID: 4007995646046409495, guid: b0b49bb9a10fc1c498242759ed2f299a,
        type: 3}
      propertyPath: m_LocalRotation.y
      value: -0
      objectReference: {fileID: 0}
    - target: {fileID: 4007995646046409495, guid: b0b49bb9a10fc1c498242759ed2f299a,
        type: 3}
      propertyPath: m_LocalRotation.z
      value: -0
      objectReference: {fileID: 0}
    - target: {fileID: 4007995646046409495, guid: b0b49bb9a10fc1c498242759ed2f299a,
        type: 3}
      propertyPath: m_LocalEulerAnglesHint.x
      value: 90
      objectReference: {fileID: 0}
    - target: {fileID: 4007995646046409495, guid: b0b49bb9a10fc1c498242759ed2f299a,
        type: 3}
      propertyPath: m_LocalEulerAnglesHint.y
      value: 0
      objectReference: {fileID: 0}
    - target: {fileID: 4007995646046409495, guid: b0b49bb9a10fc1c498242759ed2f299a,
        type: 3}
      propertyPath: m_LocalEulerAnglesHint.z
      value: 0
      objectReference: {fileID: 0}
    - target: {fileID: 4007995646046834487, guid: b0b49bb9a10fc1c498242759ed2f299a,
        type: 3}
      propertyPath: m_Name
      value: BoxSide
      objectReference: {fileID: 0}
    m_RemovedComponents: []
    m_RemovedGameObjects: []
    m_AddedGameObjects: []
    m_AddedComponents: []
  m_SourcePrefab: {fileID: 100100000, guid: b0b49bb9a10fc1c498242759ed2f299a, type: 3}
--- !u!4 &1771599170822849864 stripped
Transform:
  m_CorrespondingSourceObject: {fileID: 4007995646046409495, guid: b0b49bb9a10fc1c498242759ed2f299a,
    type: 3}
  m_PrefabInstance: {fileID: 3389731406672123487}
  m_PrefabAsset: {fileID: 0}
--- !u!1001 &6478784692555742427
PrefabInstance:
  m_ObjectHideFlags: 0
  serializedVersion: 2
  m_Modification:
    serializedVersion: 3
    m_TransformParent: {fileID: 4495720352600018443}
    m_Modifications:
    - target: {fileID: 4007995646046409495, guid: b0b49bb9a10fc1c498242759ed2f299a,
        type: 3}
      propertyPath: m_RootOrder
      value: -1
      objectReference: {fileID: 0}
    - target: {fileID: 4007995646046409495, guid: b0b49bb9a10fc1c498242759ed2f299a,
        type: 3}
      propertyPath: m_LocalScale.x
      value: 0.24851026
      objectReference: {fileID: 0}
    - target: {fileID: 4007995646046409495, guid: b0b49bb9a10fc1c498242759ed2f299a,
        type: 3}
      propertyPath: m_LocalScale.y
      value: 0.24851026
      objectReference: {fileID: 0}
    - target: {fileID: 4007995646046409495, guid: b0b49bb9a10fc1c498242759ed2f299a,
        type: 3}
      propertyPath: m_LocalScale.z
      value: 0.18744177
      objectReference: {fileID: 0}
    - target: {fileID: 4007995646046409495, guid: b0b49bb9a10fc1c498242759ed2f299a,
        type: 3}
      propertyPath: m_LocalPosition.x
      value: 0
      objectReference: {fileID: 0}
    - target: {fileID: 4007995646046409495, guid: b0b49bb9a10fc1c498242759ed2f299a,
        type: 3}
      propertyPath: m_LocalPosition.y
      value: 0.15
      objectReference: {fileID: 0}
    - target: {fileID: 4007995646046409495, guid: b0b49bb9a10fc1c498242759ed2f299a,
        type: 3}
      propertyPath: m_LocalPosition.z
      value: -0.5
      objectReference: {fileID: 0}
    - target: {fileID: 4007995646046409495, guid: b0b49bb9a10fc1c498242759ed2f299a,
        type: 3}
      propertyPath: m_LocalRotation.w
      value: 0
      objectReference: {fileID: 0}
    - target: {fileID: 4007995646046409495, guid: b0b49bb9a10fc1c498242759ed2f299a,
        type: 3}
      propertyPath: m_LocalRotation.x
      value: -0
      objectReference: {fileID: 0}
    - target: {fileID: 4007995646046409495, guid: b0b49bb9a10fc1c498242759ed2f299a,
        type: 3}
      propertyPath: m_LocalRotation.y
      value: 0.7071068
      objectReference: {fileID: 0}
    - target: {fileID: 4007995646046409495, guid: b0b49bb9a10fc1c498242759ed2f299a,
        type: 3}
      propertyPath: m_LocalRotation.z
      value: -0.7071068
      objectReference: {fileID: 0}
    - target: {fileID: 4007995646046409495, guid: b0b49bb9a10fc1c498242759ed2f299a,
        type: 3}
      propertyPath: m_LocalEulerAnglesHint.x
      value: 90
      objectReference: {fileID: 0}
    - target: {fileID: 4007995646046409495, guid: b0b49bb9a10fc1c498242759ed2f299a,
        type: 3}
      propertyPath: m_LocalEulerAnglesHint.y
      value: 0
      objectReference: {fileID: 0}
    - target: {fileID: 4007995646046409495, guid: b0b49bb9a10fc1c498242759ed2f299a,
        type: 3}
      propertyPath: m_LocalEulerAnglesHint.z
      value: -180
      objectReference: {fileID: 0}
    - target: {fileID: 4007995646046834487, guid: b0b49bb9a10fc1c498242759ed2f299a,
        type: 3}
      propertyPath: m_Name
      value: BoxSide (1)
      objectReference: {fileID: 0}
    m_RemovedComponents: []
    m_RemovedGameObjects: []
    m_AddedGameObjects: []
    m_AddedComponents: []
  m_SourcePrefab: {fileID: 100100000, guid: b0b49bb9a10fc1c498242759ed2f299a, type: 3}
--- !u!4 &7959556624550293452 stripped
Transform:
  m_CorrespondingSourceObject: {fileID: 4007995646046409495, guid: b0b49bb9a10fc1c498242759ed2f299a,
    type: 3}
  m_PrefabInstance: {fileID: 6478784692555742427}
  m_PrefabAsset: {fileID: 0}
--- !u!1001 &9180153317526952891
PrefabInstance:
  m_ObjectHideFlags: 0
  serializedVersion: 2
  m_Modification:
    serializedVersion: 3
    m_TransformParent: {fileID: 4495720352600018443}
    m_Modifications:
    - target: {fileID: 4007995646046409495, guid: b0b49bb9a10fc1c498242759ed2f299a,
        type: 3}
      propertyPath: m_RootOrder
      value: -1
      objectReference: {fileID: 0}
    - target: {fileID: 4007995646046409495, guid: b0b49bb9a10fc1c498242759ed2f299a,
        type: 3}
      propertyPath: m_LocalScale.x
      value: 0.2485103
      objectReference: {fileID: 0}
    - target: {fileID: 4007995646046409495, guid: b0b49bb9a10fc1c498242759ed2f299a,
        type: 3}
      propertyPath: m_LocalScale.y
      value: 0.18744172
      objectReference: {fileID: 0}
    - target: {fileID: 4007995646046409495, guid: b0b49bb9a10fc1c498242759ed2f299a,
        type: 3}
      propertyPath: m_LocalScale.z
      value: 0.2485103
      objectReference: {fileID: 0}
    - target: {fileID: 4007995646046409495, guid: b0b49bb9a10fc1c498242759ed2f299a,
        type: 3}
      propertyPath: m_LocalPosition.x
      value: 0
      objectReference: {fileID: 0}
    - target: {fileID: 4007995646046409495, guid: b0b49bb9a10fc1c498242759ed2f299a,
        type: 3}
      propertyPath: m_LocalPosition.y
      value: 0.49999997
      objectReference: {fileID: 0}
    - target: {fileID: 4007995646046409495, guid: b0b49bb9a10fc1c498242759ed2f299a,
        type: 3}
      propertyPath: m_LocalPosition.z
      value: 0
      objectReference: {fileID: 0}
    - target: {fileID: 4007995646046409495, guid: b0b49bb9a10fc1c498242759ed2f299a,
        type: 3}
      propertyPath: m_LocalRotation.w
      value: 1
      objectReference: {fileID: 0}
    - target: {fileID: 4007995646046409495, guid: b0b49bb9a10fc1c498242759ed2f299a,
        type: 3}
      propertyPath: m_LocalRotation.x
      value: -0
      objectReference: {fileID: 0}
    - target: {fileID: 4007995646046409495, guid: b0b49bb9a10fc1c498242759ed2f299a,
        type: 3}
      propertyPath: m_LocalRotation.y
      value: -0
      objectReference: {fileID: 0}
    - target: {fileID: 4007995646046409495, guid: b0b49bb9a10fc1c498242759ed2f299a,
        type: 3}
      propertyPath: m_LocalRotation.z
      value: -0
      objectReference: {fileID: 0}
    - target: {fileID: 4007995646046409495, guid: b0b49bb9a10fc1c498242759ed2f299a,
        type: 3}
      propertyPath: m_LocalEulerAnglesHint.x
      value: 0
      objectReference: {fileID: 0}
    - target: {fileID: 4007995646046409495, guid: b0b49bb9a10fc1c498242759ed2f299a,
        type: 3}
      propertyPath: m_LocalEulerAnglesHint.y
      value: 0
      objectReference: {fileID: 0}
    - target: {fileID: 4007995646046409495, guid: b0b49bb9a10fc1c498242759ed2f299a,
        type: 3}
      propertyPath: m_LocalEulerAnglesHint.z
      value: 0
      objectReference: {fileID: 0}
    - target: {fileID: 4007995646046834487, guid: b0b49bb9a10fc1c498242759ed2f299a,
        type: 3}
      propertyPath: m_Name
      value: BoxSideTop
      objectReference: {fileID: 0}
    - target: {fileID: 4007995646046834487, guid: b0b49bb9a10fc1c498242759ed2f299a,
        type: 3}
      propertyPath: m_TagString
      value: Ground
      objectReference: {fileID: 0}
    m_RemovedComponents: []
    m_RemovedGameObjects: []
    m_AddedGameObjects: []
    m_AddedComponents:
    - targetCorrespondingSourceObject: {fileID: 4007995646046834487, guid: b0b49bb9a10fc1c498242759ed2f299a,
        type: 3}
      insertIndex: -1
      addedObject: {fileID: 3519531555519327054}
  m_SourcePrefab: {fileID: 100100000, guid: b0b49bb9a10fc1c498242759ed2f299a, type: 3}
--- !u!4 &5258293429753465004 stripped
Transform:
  m_CorrespondingSourceObject: {fileID: 4007995646046409495, guid: b0b49bb9a10fc1c498242759ed2f299a,
    type: 3}
  m_PrefabInstance: {fileID: 9180153317526952891}
  m_PrefabAsset: {fileID: 0}
--- !u!1 &5258293429753762956 stripped
GameObject:
  m_CorrespondingSourceObject: {fileID: 4007995646046834487, guid: b0b49bb9a10fc1c498242759ed2f299a,
    type: 3}
  m_PrefabInstance: {fileID: 9180153317526952891}
  m_PrefabAsset: {fileID: 0}
--- !u!65 &3519531555519327054
BoxCollider:
  m_ObjectHideFlags: 0
  m_CorrespondingSourceObject: {fileID: 0}
  m_PrefabInstance: {fileID: 0}
  m_PrefabAsset: {fileID: 0}
  m_GameObject: {fileID: 5258293429753762956}
  m_Material: {fileID: 0}
  m_IncludeLayers:
    serializedVersion: 2
    m_Bits: 0
  m_ExcludeLayers:
    serializedVersion: 2
    m_Bits: 0
  m_LayerOverridePriority: 0
  m_IsTrigger: 0
  m_ProvidesContacts: 0
  m_Enabled: 1
  serializedVersion: 3
  m_Size: {x: 3.8, y: 0.45, z: 3.8}
  m_Center: {x: 0.0000019073486, y: 0.16829406, z: 0.00000059604645}
