%YAML 1.1
%TAG !u! tag:unity3d.com,2011:
--- !u!29 &1
OcclusionCullingSettings:
  m_ObjectHideFlags: 0
  serializedVersion: 2
  m_OcclusionBakeSettings:
    smallestOccluder: 5
    smallestHole: 0.25
    backfaceThreshold: 100
  m_SceneGUID: 00000000000000000000000000000000
  m_OcclusionCullingData: {fileID: 0}
--- !u!104 &2
RenderSettings:
  m_ObjectHideFlags: 0
  serializedVersion: 9
  m_Fog: 0
  m_FogColor: {r: 0.5, g: 0.5, b: 0.5, a: 1}
  m_FogMode: 3
  m_FogDensity: 0.01
  m_LinearFogStart: 0
  m_LinearFogEnd: 300
  m_AmbientSkyColor: {r: 0.212, g: 0.227, b: 0.259, a: 1}
  m_AmbientEquatorColor: {r: 0.114, g: 0.125, b: 0.133, a: 1}
  m_AmbientGroundColor: {r: 0.047, g: 0.043, b: 0.035, a: 1}
  m_AmbientIntensity: 1
  m_AmbientMode: 0
  m_SubtractiveShadowColor: {r: 0.42, g: 0.478, b: 0.627, a: 1}
  m_SkyboxMaterial: {fileID: 0}
  m_HaloStrength: 0.5
  m_FlareStrength: 1
  m_FlareFadeSpeed: 3
  m_HaloTexture: {fileID: 0}
  m_SpotCookie: {fileID: 10001, guid: 0000000000000000e000000000000000, type: 0}
  m_DefaultReflectionMode: 0
  m_DefaultReflectionResolution: 128
  m_ReflectionBounces: 1
  m_ReflectionIntensity: 1
  m_CustomReflection: {fileID: 0}
  m_Sun: {fileID: 0}
  m_IndirectSpecularColor: {r: 0, g: 0, b: 0, a: 1}
  m_UseRadianceAmbientProbe: 0
--- !u!157 &3
LightmapSettings:
  m_ObjectHideFlags: 0
  serializedVersion: 12
  m_GIWorkflowMode: 1
  m_GISettings:
    serializedVersion: 2
    m_BounceScale: 1
    m_IndirectOutputScale: 1
    m_AlbedoBoost: 1
    m_EnvironmentLightingMode: 0
    m_EnableBakedLightmaps: 1
    m_EnableRealtimeLightmaps: 0
  m_LightmapEditorSettings:
    serializedVersion: 12
    m_Resolution: 2
    m_BakeResolution: 40
    m_AtlasSize: 1024
    m_AO: 0
    m_AOMaxDistance: 1
    m_CompAOExponent: 1
    m_CompAOExponentDirect: 0
    m_ExtractAmbientOcclusion: 0
    m_Padding: 2
    m_LightmapParameters: {fileID: 0}
    m_LightmapsBakeMode: 1
    m_TextureCompression: 1
    m_FinalGather: 0
    m_FinalGatherFiltering: 1
    m_FinalGatherRayCount: 256
    m_ReflectionCompression: 2
    m_MixedBakeMode: 2
    m_BakeBackend: 1
    m_PVRSampling: 1
    m_PVRDirectSampleCount: 32
    m_PVRSampleCount: 512
    m_PVRBounces: 2
    m_PVREnvironmentSampleCount: 256
    m_PVREnvironmentReferencePointCount: 2048
    m_PVRFilteringMode: 1
    m_PVRDenoiserTypeDirect: 1
    m_PVRDenoiserTypeIndirect: 1
    m_PVRDenoiserTypeAO: 1
    m_PVRFilterTypeDirect: 0
    m_PVRFilterTypeIndirect: 0
    m_PVRFilterTypeAO: 0
    m_PVREnvironmentMIS: 1
    m_PVRCulling: 1
    m_PVRFilteringGaussRadiusDirect: 1
    m_PVRFilteringGaussRadiusIndirect: 5
    m_PVRFilteringGaussRadiusAO: 2
    m_PVRFilteringAtrousPositionSigmaDirect: 0.5
    m_PVRFilteringAtrousPositionSigmaIndirect: 2
    m_PVRFilteringAtrousPositionSigmaAO: 1
    m_ExportTrainingData: 0
    m_TrainingDataDestination: TrainingData
    m_LightProbeSampleCountMultiplier: 4
  m_LightingDataAsset: {fileID: 0}
  m_LightingSettings: {fileID: 4890085278179872738, guid: 4a1d5b0b0566b364da8afb0aa8d7d119,
    type: 2}
--- !u!196 &4
NavMeshSettings:
  serializedVersion: 2
  m_ObjectHideFlags: 0
  m_BuildSettings:
    serializedVersion: 3
    agentTypeID: 0
    agentRadius: 0.5
    agentHeight: 2
    agentSlope: 45
    agentClimb: 0.4
    ledgeDropHeight: 0
    maxJumpAcrossDistance: 0
    minRegionArea: 2
    manualCellSize: 0
    cellSize: 0.16666667
    manualTileSize: 0
    tileSize: 256
    buildHeightMesh: 0
    maxJobWorkers: 0
    preserveTilesOutsideBounds: 0
    debug:
      m_Flags: 0
  m_NavMeshData: {fileID: 23800000, guid: 486816a68cbd842498896684261d5609, type: 2}
--- !u!43 &85331650
Mesh:
  m_ObjectHideFlags: 0
  m_CorrespondingSourceObject: {fileID: 0}
  m_PrefabInstance: {fileID: 0}
  m_PrefabAsset: {fileID: 0}
  m_Name: pb_Mesh-230786
  serializedVersion: 11
  m_SubMeshes:
  - serializedVersion: 2
    firstByte: 0
    indexCount: 24
    topology: 0
    baseVertex: 0
    firstVertex: 0
    vertexCount: 18
    localAABB:
      m_Center: {x: -2.2373486, y: 0.02185595, z: -2.2567043}
      m_Extent: {x: 2.2693725, y: 0.021856189, z: 2.2567043}
  m_Shapes:
    vertices: []
    shapes: []
    channels: []
    fullWeights: []
  m_BindPose: []
  m_BoneNameHashes: 
  m_RootBoneNameHash: 0
  m_BonesAABB: []
  m_VariableBoneCountWeights:
    m_Data: 
  m_MeshCompression: 0
  m_IsReadable: 1
  m_KeepVertices: 1
  m_KeepIndices: 1
  m_IndexFormat: 0
  m_IndexBuffer: 0000010002000300040005000600070008000700090008000a000b000c000b000d000c000e000f0010000f0011001000
  m_VertexData:
    serializedVersion: 3
    m_VertexCount: 18
    m_Channels:
    - stream: 0
      offset: 0
      format: 0
      dimension: 3
    - stream: 0
      offset: 12
      format: 0
      dimension: 3
    - stream: 0
      offset: 24
      format: 0
      dimension: 4
    - stream: 0
      offset: 0
      format: 0
      dimension: 0
    - stream: 0
      offset: 40
      format: 0
      dimension: 2
    - stream: 0
      offset: 48
      format: 0
      dimension: 2
    - stream: 0
      offset: 0
      format: 0
      dimension: 0
    - stream: 0
      offset: 0
      format: 0
      dimension: 0
    - stream: 0
      offset: 0
      format: 0
      dimension: 0
    - stream: 0
      offset: 0
      format: 0
      dimension: 0
    - stream: 0
      offset: 0
      format: 0
      dimension: 0
    - stream: 0
      offset: 0
      format: 0
      dimension: 0
    - stream: 0
      offset: 0
      format: 0
      dimension: 0
    - stream: 0
      offset: 0
      format: 0
      dimension: 0
    m_DataSize: 1008
    _typelessdata: 812b033d400b333dd86d90c0902b61330000803f294861b30000803f902b61b300000000000080bf802b033dd86d90c00bd7a33ca5808d3d0f3790c0800b333dc02490c0902b61330000803f294861b30000803f902b61b300000000000080bf0f3790c0c02490c05af1fb3ea5808d3d937b1d31800b333d938f1db1902b61330000803f294861b30000803f902b61b300000000000080bf00e013a401afd124ddaec63ccfdc093f000000000000000000000000902b61b3000080bf29486133000080bf902b613300000000000080bf00000000000000001bf07b3f0cde093f0f3790c000000000c02490c0902b61b3000080bf29486133000080bf902b613300000000000080bf0f379040c02490c06517033f1243963d802b033d000080b4d86d90c0902b61b3000080bf29486133000080bf902b613300000000000080bf802b03bdd86d90c01bf07b3fa5808d3d802b033d000080b4d86d90c0bed500bb9635382fe0ff7fbfe0ff7f3f00000000bed500bb000080bf3183273ded6780b427d7a33c6576363d0f3790c000000000c02490c0bed500bb9635b82ee0ff7fbfe0ff7f3f00000000bed500bb000080bf72ee8fc085d94fb061f1fb3e6b76363d812b033d400b333dd86d90c0bed500bb9635b82ee0ff7fbfe0ff7f3f00000000bed500bb000080bf3283273d400b333d0bd7a33cbf15493d0f3790c0800b333dc02490c0bed500bb00000000e0ff7fbfe0ff7f3f00000000bed500bb000080bf72ee8fc0800b333d5ff1fb3ec515493d0f3790c000000000c02490c075f934bf000000007210353f721035bf0000000075f934bf000080bf7ee6cb40000000000bd7a33c0bd7a33c00000000000000000000000075f934bf44421f337210353f721035bf0000000075f934bf000080bf000000000000000011c82e3f0bd7a33c0f3790c0800b333dc02490c075f934bf44421f337210353f721035bf0000000075f934bf000080bf7ee6cb40800b333d0fd8a33cbe15c93c937b1d31800b333d938f1db175f934bf44429f337210353f721035bf0000000075f934bf000080bf479e44a5800b333d19c82e3fbe15c93c0000000000000000000000005afe7f3feb905fb30b7ee83b0b7ee8bbeb90df235afe7f3f000080bf00000000000000006917033f6b76363d802b033d000080b4d86d90c05afe7f3fa16593b30b7ee83b0b7ee8bba16513245afe7f3f000080bfc66e90c0000080b466457b3f6576363d937b1d31800b333d938f1db15afe7f3fa16593b30b7ee83b0b7ee8bba16513245afe7f3f000080bf9aac1eb1800b333d6e17033fc515493d812b033d400b333dd86d90c05afe7f3fcc02b7b30b7ee83b0b7ee8bbcc0237245afe7f3f000080bfc66e90c0400b333d6b457b3fbe15493d
  m_CompressedMesh:
    m_Vertices:
      m_NumItems: 0
      m_Range: 0
      m_Start: 0
      m_Data: 
      m_BitSize: 0
    m_UV:
      m_NumItems: 0
      m_Range: 0
      m_Start: 0
      m_Data: 
      m_BitSize: 0
    m_Normals:
      m_NumItems: 0
      m_Range: 0
      m_Start: 0
      m_Data: 
      m_BitSize: 0
    m_Tangents:
      m_NumItems: 0
      m_Range: 0
      m_Start: 0
      m_Data: 
      m_BitSize: 0
    m_Weights:
      m_NumItems: 0
      m_Data: 
      m_BitSize: 0
    m_NormalSigns:
      m_NumItems: 0
      m_Data: 
      m_BitSize: 0
    m_TangentSigns:
      m_NumItems: 0
      m_Data: 
      m_BitSize: 0
    m_FloatColors:
      m_NumItems: 0
      m_Range: 0
      m_Start: 0
      m_Data: 
      m_BitSize: 0
    m_BoneIndices:
      m_NumItems: 0
      m_Data: 
      m_BitSize: 0
    m_Triangles:
      m_NumItems: 0
      m_Data: 
      m_BitSize: 0
    m_UVInfo: 0
  m_LocalAABB:
    m_Center: {x: -2.2373486, y: 0.02185595, z: -2.2567043}
    m_Extent: {x: 2.2693725, y: 0.021856189, z: 2.2567043}
  m_MeshUsageFlags: 0
  m_CookingOptions: 30
  m_BakedConvexCollisionMesh: 
  m_BakedTriangleCollisionMesh: 
  m_MeshMetrics[0]: 1
  m_MeshMetrics[1]: 1
  m_MeshOptimizationFlags: 1
  m_StreamData:
    serializedVersion: 2
    offset: 0
    size: 0
    path: 
--- !u!43 &88070014
Mesh:
  m_ObjectHideFlags: 0
  m_CorrespondingSourceObject: {fileID: 0}
  m_PrefabInstance: {fileID: 0}
  m_PrefabAsset: {fileID: 0}
  m_Name: pb_Mesh-230754
  serializedVersion: 11
  m_SubMeshes:
  - serializedVersion: 2
    firstByte: 0
    indexCount: 24
    topology: 0
    baseVertex: 0
    firstVertex: 0
    vertexCount: 18
    localAABB:
      m_Center: {x: -2.2373486, y: 0.02185595, z: -2.2567043}
      m_Extent: {x: 2.2693725, y: 0.021856189, z: 2.2567043}
  m_Shapes:
    vertices: []
    shapes: []
    channels: []
    fullWeights: []
  m_BindPose: []
  m_BoneNameHashes: 
  m_RootBoneNameHash: 0
  m_BonesAABB: []
  m_VariableBoneCountWeights:
    m_Data: 
  m_MeshCompression: 0
  m_IsReadable: 1
  m_KeepVertices: 1
  m_KeepIndices: 1
  m_IndexFormat: 0
  m_IndexBuffer: 0000010002000300040005000600070008000700090008000a000b000c000b000d000c000e000f0010000f0011001000
  m_VertexData:
    serializedVersion: 3
    m_VertexCount: 18
    m_Channels:
    - stream: 0
      offset: 0
      format: 0
      dimension: 3
    - stream: 0
      offset: 12
      format: 0
      dimension: 3
    - stream: 0
      offset: 24
      format: 0
      dimension: 4
    - stream: 0
      offset: 0
      format: 0
      dimension: 0
    - stream: 0
      offset: 40
      format: 0
      dimension: 2
    - stream: 0
      offset: 48
      format: 0
      dimension: 2
    - stream: 0
      offset: 0
      format: 0
      dimension: 0
    - stream: 0
      offset: 0
      format: 0
      dimension: 0
    - stream: 0
      offset: 0
      format: 0
      dimension: 0
    - stream: 0
      offset: 0
      format: 0
      dimension: 0
    - stream: 0
      offset: 0
      format: 0
      dimension: 0
    - stream: 0
      offset: 0
      format: 0
      dimension: 0
    - stream: 0
      offset: 0
      format: 0
      dimension: 0
    - stream: 0
      offset: 0
      format: 0
      dimension: 0
    m_DataSize: 1008
    _typelessdata: 812b033d400b333dd86d90c0902b61330000803f294861b30000803f902b61b300000000000080bf802b033dd86d90c00bd7a33ca5808d3d0f3790c0800b333dc02490c0902b61330000803f294861b30000803f902b61b300000000000080bf0f3790c0c02490c05af1fb3ea5808d3d937b1d31800b333d938f1db1902b61330000803f294861b30000803f902b61b300000000000080bf00e013a401afd124ddaec63ccfdc093f000000000000000000000000902b61b3000080bf29486133000080bf902b613300000000000080bf00000000000000001bf07b3f0cde093f0f3790c000000000c02490c0902b61b3000080bf29486133000080bf902b613300000000000080bf0f379040c02490c06517033f1243963d802b033d000080b4d86d90c0902b61b3000080bf29486133000080bf902b613300000000000080bf802b03bdd86d90c01bf07b3fa5808d3d802b033d000080b4d86d90c0bed500bb9635382fe0ff7fbfe0ff7f3f00000000bed500bb000080bf3183273ded6780b427d7a33c6576363d0f3790c000000000c02490c0bed500bb9635b82ee0ff7fbfe0ff7f3f00000000bed500bb000080bf72ee8fc085d94fb061f1fb3e6b76363d812b033d400b333dd86d90c0bed500bb9635b82ee0ff7fbfe0ff7f3f00000000bed500bb000080bf3283273d400b333d0bd7a33cbf15493d0f3790c0800b333dc02490c0bed500bb00000000e0ff7fbfe0ff7f3f00000000bed500bb000080bf72ee8fc0800b333d5ff1fb3ec515493d0f3790c000000000c02490c075f934bf000000007210353f721035bf0000000075f934bf000080bf7ee6cb40000000000bd7a33c0bd7a33c00000000000000000000000075f934bf44421f337210353f721035bf0000000075f934bf000080bf000000000000000011c82e3f0bd7a33c0f3790c0800b333dc02490c075f934bf44421f337210353f721035bf0000000075f934bf000080bf7ee6cb40800b333d0fd8a33cbe15c93c937b1d31800b333d938f1db175f934bf44429f337210353f721035bf0000000075f934bf000080bf479e44a5800b333d19c82e3fbe15c93c0000000000000000000000005afe7f3feb905fb30b7ee83b0b7ee8bbeb90df235afe7f3f000080bf00000000000000006917033f6b76363d802b033d000080b4d86d90c05afe7f3fa16593b30b7ee83b0b7ee8bba16513245afe7f3f000080bfc66e90c0000080b466457b3f6576363d937b1d31800b333d938f1db15afe7f3fa16593b30b7ee83b0b7ee8bba16513245afe7f3f000080bf9aac1eb1800b333d6e17033fc515493d812b033d400b333dd86d90c05afe7f3fcc02b7b30b7ee83b0b7ee8bbcc0237245afe7f3f000080bfc66e90c0400b333d6b457b3fbe15493d
  m_CompressedMesh:
    m_Vertices:
      m_NumItems: 0
      m_Range: 0
      m_Start: 0
      m_Data: 
      m_BitSize: 0
    m_UV:
      m_NumItems: 0
      m_Range: 0
      m_Start: 0
      m_Data: 
      m_BitSize: 0
    m_Normals:
      m_NumItems: 0
      m_Range: 0
      m_Start: 0
      m_Data: 
      m_BitSize: 0
    m_Tangents:
      m_NumItems: 0
      m_Range: 0
      m_Start: 0
      m_Data: 
      m_BitSize: 0
    m_Weights:
      m_NumItems: 0
      m_Data: 
      m_BitSize: 0
    m_NormalSigns:
      m_NumItems: 0
      m_Data: 
      m_BitSize: 0
    m_TangentSigns:
      m_NumItems: 0
      m_Data: 
      m_BitSize: 0
    m_FloatColors:
      m_NumItems: 0
      m_Range: 0
      m_Start: 0
      m_Data: 
      m_BitSize: 0
    m_BoneIndices:
      m_NumItems: 0
      m_Data: 
      m_BitSize: 0
    m_Triangles:
      m_NumItems: 0
      m_Data: 
      m_BitSize: 0
    m_UVInfo: 0
  m_LocalAABB:
    m_Center: {x: -2.2373486, y: 0.02185595, z: -2.2567043}
    m_Extent: {x: 2.2693725, y: 0.021856189, z: 2.2567043}
  m_MeshUsageFlags: 0
  m_CookingOptions: 30
  m_BakedConvexCollisionMesh: 
  m_BakedTriangleCollisionMesh: 
  m_MeshMetrics[0]: 1
  m_MeshMetrics[1]: 1
  m_MeshOptimizationFlags: 1
  m_StreamData:
    serializedVersion: 2
    offset: 0
    size: 0
    path: 
--- !u!1 &107746053
GameObject:
  m_ObjectHideFlags: 0
  m_CorrespondingSourceObject: {fileID: 0}
  m_PrefabInstance: {fileID: 0}
  m_PrefabAsset: {fileID: 0}
  serializedVersion: 6
  m_Component:
  - component: {fileID: 107746056}
  - component: {fileID: 107746055}
  - component: {fileID: 107746054}
  - component: {fileID: 107746057}
  m_Layer: 0
  m_Name: ChessCamera
  m_TagString: MainCamera
  m_Icon: {fileID: 0}
  m_NavMeshLayer: 0
  m_StaticEditorFlags: 0
  m_IsActive: 1
--- !u!81 &107746054
AudioListener:
  m_ObjectHideFlags: 0
  m_CorrespondingSourceObject: {fileID: 0}
  m_PrefabInstance: {fileID: 0}
  m_PrefabAsset: {fileID: 0}
  m_GameObject: {fileID: 107746053}
  m_Enabled: 1
--- !u!20 &107746055
Camera:
  m_ObjectHideFlags: 0
  m_CorrespondingSourceObject: {fileID: 0}
  m_PrefabInstance: {fileID: 0}
  m_PrefabAsset: {fileID: 0}
  m_GameObject: {fileID: 107746053}
  m_Enabled: 1
  serializedVersion: 2
  m_ClearFlags: 1
  m_BackGroundColor: {r: 0.19215687, g: 0.3019608, b: 0.4745098, a: 0}
  m_projectionMatrixMode: 1
  m_GateFitMode: 2
  m_FOVAxisMode: 0
  m_Iso: 200
  m_ShutterSpeed: 0.005
  m_Aperture: 16
  m_FocusDistance: 10
  m_FocalLength: 50
  m_BladeCount: 5
  m_Curvature: {x: 2, y: 11}
  m_BarrelClipping: 0.25
  m_Anamorphism: 0
  m_SensorSize: {x: 36, y: 24}
  m_LensShift: {x: 0, y: 0}
  m_NormalizedViewPortRect:
    serializedVersion: 2
    x: 0
    y: 0
    width: 1
    height: 1
  near clip plane: 0.3
  far clip plane: 1000
  field of view: 60
  orthographic: 0
  orthographic size: 5
  m_Depth: -1
  m_CullingMask:
    serializedVersion: 2
    m_Bits: 87
  m_RenderingPath: -1
  m_TargetTexture: {fileID: 0}
  m_TargetDisplay: 0
  m_TargetEye: 3
  m_HDR: 1
  m_AllowMSAA: 1
  m_AllowDynamicResolution: 0
  m_ForceIntoRT: 0
  m_OcclusionCulling: 1
  m_StereoConvergence: 10
  m_StereoSeparation: 0.022
--- !u!4 &107746056
Transform:
  m_ObjectHideFlags: 0
  m_CorrespondingSourceObject: {fileID: 0}
  m_PrefabInstance: {fileID: 0}
  m_PrefabAsset: {fileID: 0}
  m_GameObject: {fileID: 107746053}
  m_LocalRotation: {x: 0, y: 0.8660254, z: -0.5, w: 0}
  m_LocalPosition: {x: -46.9, y: 2.96, z: -78.521}
  m_LocalScale: {x: 1, y: 1, z: 1}
  m_ConstrainProportionsScale: 0
  m_Children: []
  m_Father: {fileID: 0}
  m_RootOrder: 0
  m_LocalEulerAnglesHint: {x: 60, y: 180, z: 0}
--- !u!114 &107746057
MonoBehaviour:
  m_ObjectHideFlags: 0
  m_CorrespondingSourceObject: {fileID: 0}
  m_PrefabInstance: {fileID: 0}
  m_PrefabAsset: {fileID: 0}
  m_GameObject: {fileID: 107746053}
  m_Enabled: 1
  m_EditorHideFlags: 0
  m_Script: {fileID: 11500000, guid: a79441f348de89743a2939f4d699eac1, type: 3}
  m_Name: 
  m_EditorClassIdentifier: 
  m_RenderShadows: 1
  m_RequiresDepthTextureOption: 2
  m_RequiresOpaqueTextureOption: 2
  m_CameraType: 0
  m_Cameras: []
  m_RendererIndex: -1
  m_VolumeLayerMask:
    serializedVersion: 2
    m_Bits: 1
  m_VolumeTrigger: {fileID: 0}
  m_VolumeFrameworkUpdateModeOption: 2
  m_RenderPostProcessing: 0
  m_Antialiasing: 0
  m_AntialiasingQuality: 2
  m_StopNaN: 0
  m_Dithering: 0
  m_ClearDepth: 1
  m_AllowXRRendering: 1
  m_UseScreenCoordOverride: 0
  m_ScreenSizeOverride: {x: 0, y: 0, z: 0, w: 0}
  m_ScreenCoordScaleBias: {x: 0, y: 0, z: 0, w: 0}
  m_RequiresDepthTexture: 0
  m_RequiresColorTexture: 0
  m_Version: 2
  m_TaaSettings:
    quality: 3
    frameInfluence: 0.1
    jitterScale: 1
    mipBias: 0
    varianceClampScale: 0.9
    contrastAdaptiveSharpening: 0
--- !u!1 &512030842
GameObject:
  m_ObjectHideFlags: 0
  m_CorrespondingSourceObject: {fileID: 0}
  m_PrefabInstance: {fileID: 0}
  m_PrefabAsset: {fileID: 0}
  serializedVersion: 6
  m_Component:
  - component: {fileID: 512030843}
  - component: {fileID: 512030844}
  - component: {fileID: 512030846}
  - component: {fileID: 512030845}
  m_Layer: 0
  m_Name: ChessRoomManager
  m_TagString: Untagged
  m_Icon: {fileID: 0}
  m_NavMeshLayer: 0
  m_StaticEditorFlags: 0
  m_IsActive: 1
--- !u!4 &512030843
Transform:
  m_ObjectHideFlags: 0
  m_CorrespondingSourceObject: {fileID: 0}
  m_PrefabInstance: {fileID: 0}
  m_PrefabAsset: {fileID: 0}
  m_GameObject: {fileID: 512030842}
  m_LocalRotation: {x: 0, y: 0, z: 0, w: 1}
  m_LocalPosition: {x: 0, y: 0.062999964, z: 0}
  m_LocalScale: {x: 1, y: 1, z: 1}
  m_ConstrainProportionsScale: 0
  m_Children: []
  m_Father: {fileID: 0}
  m_RootOrder: 5
  m_LocalEulerAnglesHint: {x: 0, y: 0, z: 0}
--- !u!114 &512030844
MonoBehaviour:
  m_ObjectHideFlags: 0
  m_CorrespondingSourceObject: {fileID: 0}
  m_PrefabInstance: {fileID: 0}
  m_PrefabAsset: {fileID: 0}
  m_GameObject: {fileID: 512030842}
  m_Enabled: 1
  m_EditorHideFlags: 0
  m_Script: {fileID: 11500000, guid: cfb700d96f2bcd6468a2625cbe88e2ff, type: 3}
  m_Name: 
  m_EditorClassIdentifier: 
  door: {fileID: 581351690}
  knightFightClip: {fileID: 8300000, guid: 1a96299f04a00664fb03b5a385fe7209, type: 3}
  khrallidFightClip: {fileID: 8300000, guid: 0c943b751b8ebcf4c8cd9e517617c954, type: 3}
  torches: {fileID: 1747608881}
--- !u!114 &512030845
MonoBehaviour:
  m_ObjectHideFlags: 0
  m_CorrespondingSourceObject: {fileID: 0}
  m_PrefabInstance: {fileID: 0}
  m_PrefabAsset: {fileID: 0}
  m_GameObject: {fileID: 512030842}
  m_Enabled: 1
  m_EditorHideFlags: 0
  m_Script: {fileID: 11500000, guid: 27bed2c4a071f2341a1bd8a149d30a34, type: 3}
  m_Name: 
  m_EditorClassIdentifier: 
  puzzleSolvedVolume: 0.4
--- !u!82 &512030846
AudioSource:
  m_ObjectHideFlags: 0
  m_CorrespondingSourceObject: {fileID: 0}
  m_PrefabInstance: {fileID: 0}
  m_PrefabAsset: {fileID: 0}
  m_GameObject: {fileID: 512030842}
  m_Enabled: 1
  serializedVersion: 4
  OutputAudioMixerGroup: {fileID: 24300002, guid: c394d88fc0efc0c46be30bf85b287c3d,
    type: 2}
  m_audioClip: {fileID: 8300000, guid: 1a96299f04a00664fb03b5a385fe7209, type: 3}
  m_PlayOnAwake: 0
  m_Volume: 1
  m_Pitch: 1
  Loop: 1
  Mute: 0
  Spatialize: 0
  SpatializePostEffects: 0
  Priority: 128
  DopplerLevel: 1
  MinDistance: 1
  MaxDistance: 500
  Pan2D: 0
  rolloffMode: 0
  BypassEffects: 0
  BypassListenerEffects: 0
  BypassReverbZones: 0
  rolloffCustomCurve:
    serializedVersion: 2
    m_Curve:
    - serializedVersion: 3
      time: 0
      value: 1
      inSlope: 0
      outSlope: 0
      tangentMode: 0
      weightedMode: 0
      inWeight: 0.33333334
      outWeight: 0.33333334
    - serializedVersion: 3
      time: 1
      value: 0
      inSlope: 0
      outSlope: 0
      tangentMode: 0
      weightedMode: 0
      inWeight: 0.33333334
      outWeight: 0.33333334
    m_PreInfinity: 2
    m_PostInfinity: 2
    m_RotationOrder: 4
  panLevelCustomCurve:
    serializedVersion: 2
    m_Curve:
    - serializedVersion: 3
      time: 0
      value: 0
      inSlope: 0
      outSlope: 0
      tangentMode: 0
      weightedMode: 0
      inWeight: 0.33333334
      outWeight: 0.33333334
    m_PreInfinity: 2
    m_PostInfinity: 2
    m_RotationOrder: 4
  spreadCustomCurve:
    serializedVersion: 2
    m_Curve:
    - serializedVersion: 3
      time: 0
      value: 0
      inSlope: 0
      outSlope: 0
      tangentMode: 0
      weightedMode: 0
      inWeight: 0.33333334
      outWeight: 0.33333334
    m_PreInfinity: 2
    m_PostInfinity: 2
    m_RotationOrder: 4
  reverbZoneMixCustomCurve:
    serializedVersion: 2
    m_Curve:
    - serializedVersion: 3
      time: 0
      value: 1
      inSlope: 0
      outSlope: 0
      tangentMode: 0
      weightedMode: 0
      inWeight: 0.33333334
      outWeight: 0.33333334
    m_PreInfinity: 2
    m_PostInfinity: 2
    m_RotationOrder: 4
--- !u!1001 &581351689
PrefabInstance:
  m_ObjectHideFlags: 0
  serializedVersion: 2
  m_Modification:
    serializedVersion: 3
    m_TransformParent: {fileID: 0}
    m_Modifications:
    - target: {fileID: 627514445, guid: 18f92d79af6c41046b63bf31f6e6314d, type: 3}
      propertyPath: m_LocalPosition.y
      value: -4.76
      objectReference: {fileID: 0}
    - target: {fileID: 751115621141045159, guid: 18f92d79af6c41046b63bf31f6e6314d,
        type: 3}
      propertyPath: m_StaticEditorFlags
      value: 1
      objectReference: {fileID: 0}
    - target: {fileID: 751115621141045162, guid: 18f92d79af6c41046b63bf31f6e6314d,
        type: 3}
      propertyPath: m_Intensity
      value: 20
      objectReference: {fileID: 0}
    - target: {fileID: 751115621141045162, guid: 18f92d79af6c41046b63bf31f6e6314d,
        type: 3}
      propertyPath: m_Lightmapping
      value: 1
      objectReference: {fileID: 0}
    - target: {fileID: 751115621141045162, guid: 18f92d79af6c41046b63bf31f6e6314d,
        type: 3}
      propertyPath: m_BoundingSphereOverride.w
      value: -4.925839e+14
      objectReference: {fileID: 0}
    - target: {fileID: 751115621141045162, guid: 18f92d79af6c41046b63bf31f6e6314d,
        type: 3}
      propertyPath: m_BoundingSphereOverride.y
      value: 2.5e-44
      objectReference: {fileID: 0}
    - target: {fileID: 751115621141045162, guid: 18f92d79af6c41046b63bf31f6e6314d,
        type: 3}
      propertyPath: m_BoundingSphereOverride.z
      value: NaN
      objectReference: {fileID: 0}
    - target: {fileID: 751115622035797637, guid: 18f92d79af6c41046b63bf31f6e6314d,
        type: 3}
      propertyPath: m_Intensity
      value: 20
      objectReference: {fileID: 0}
    - target: {fileID: 751115622035797637, guid: 18f92d79af6c41046b63bf31f6e6314d,
        type: 3}
      propertyPath: m_Lightmapping
      value: 1
      objectReference: {fileID: 0}
    - target: {fileID: 751115622035797637, guid: 18f92d79af6c41046b63bf31f6e6314d,
        type: 3}
      propertyPath: m_BoundingSphereOverride.w
      value: 1e-45
      objectReference: {fileID: 0}
    - target: {fileID: 751115622035797640, guid: 18f92d79af6c41046b63bf31f6e6314d,
        type: 3}
      propertyPath: m_StaticEditorFlags
      value: 1
      objectReference: {fileID: 0}
    - target: {fileID: 751115622139141342, guid: 18f92d79af6c41046b63bf31f6e6314d,
        type: 3}
      propertyPath: m_StaticEditorFlags
      value: 1
      objectReference: {fileID: 0}
    - target: {fileID: 751115622223942321, guid: 18f92d79af6c41046b63bf31f6e6314d,
        type: 3}
      propertyPath: m_Intensity
      value: 20
      objectReference: {fileID: 0}
    - target: {fileID: 751115622223942321, guid: 18f92d79af6c41046b63bf31f6e6314d,
        type: 3}
      propertyPath: m_Lightmapping
      value: 1
      objectReference: {fileID: 0}
    - target: {fileID: 751115622223942321, guid: 18f92d79af6c41046b63bf31f6e6314d,
        type: 3}
      propertyPath: m_BoundingSphereOverride.w
      value: NaN
      objectReference: {fileID: 0}
    - target: {fileID: 751115622223942321, guid: 18f92d79af6c41046b63bf31f6e6314d,
        type: 3}
      propertyPath: m_BoundingSphereOverride.x
      value: -1.2890896e+33
      objectReference: {fileID: 0}
    - target: {fileID: 751115622223942321, guid: 18f92d79af6c41046b63bf31f6e6314d,
        type: 3}
      propertyPath: m_BoundingSphereOverride.y
      value: 962.95166
      objectReference: {fileID: 0}
    - target: {fileID: 751115622223942321, guid: 18f92d79af6c41046b63bf31f6e6314d,
        type: 3}
      propertyPath: m_BoundingSphereOverride.z
      value: 1.5076771e-24
      objectReference: {fileID: 0}
    - target: {fileID: 751115622223942332, guid: 18f92d79af6c41046b63bf31f6e6314d,
        type: 3}
      propertyPath: m_StaticEditorFlags
      value: 1
      objectReference: {fileID: 0}
    - target: {fileID: 751115622644687377, guid: 18f92d79af6c41046b63bf31f6e6314d,
        type: 3}
      propertyPath: m_StaticEditorFlags
      value: 1
      objectReference: {fileID: 0}
    - target: {fileID: 751115622644687388, guid: 18f92d79af6c41046b63bf31f6e6314d,
        type: 3}
      propertyPath: m_Intensity
      value: 20
      objectReference: {fileID: 0}
    - target: {fileID: 751115622644687388, guid: 18f92d79af6c41046b63bf31f6e6314d,
        type: 3}
      propertyPath: m_Lightmapping
      value: 1
      objectReference: {fileID: 0}
    - target: {fileID: 751115622644687388, guid: 18f92d79af6c41046b63bf31f6e6314d,
        type: 3}
      propertyPath: m_BoundingSphereOverride.w
      value: -2.346134e-18
      objectReference: {fileID: 0}
    - target: {fileID: 751115622644687388, guid: 18f92d79af6c41046b63bf31f6e6314d,
        type: 3}
      propertyPath: m_BoundingSphereOverride.x
      value: -5.0540034e-27
      objectReference: {fileID: 0}
    - target: {fileID: 751115622644687388, guid: 18f92d79af6c41046b63bf31f6e6314d,
        type: 3}
      propertyPath: m_BoundingSphereOverride.y
      value: 941.49567
      objectReference: {fileID: 0}
    - target: {fileID: 751115622644687388, guid: 18f92d79af6c41046b63bf31f6e6314d,
        type: 3}
      propertyPath: m_BoundingSphereOverride.z
      value: -1.731897e+30
      objectReference: {fileID: 0}
    - target: {fileID: 751115622952702802, guid: 18f92d79af6c41046b63bf31f6e6314d,
        type: 3}
      propertyPath: maxHealth
      value: 35
      objectReference: {fileID: 0}
    - target: {fileID: 1627462794672003507, guid: 18f92d79af6c41046b63bf31f6e6314d,
        type: 3}
      propertyPath: m_StaticEditorFlags
      value: 1
      objectReference: {fileID: 0}
    - target: {fileID: 1627462795091711875, guid: 18f92d79af6c41046b63bf31f6e6314d,
        type: 3}
      propertyPath: m_StaticEditorFlags
      value: 1
      objectReference: {fileID: 0}
    - target: {fileID: 1627462795291978014, guid: 18f92d79af6c41046b63bf31f6e6314d,
        type: 3}
      propertyPath: m_StaticEditorFlags
      value: 1
      objectReference: {fileID: 0}
    - target: {fileID: 1627462795677607726, guid: 18f92d79af6c41046b63bf31f6e6314d,
        type: 3}
      propertyPath: m_StaticEditorFlags
      value: 1
      objectReference: {fileID: 0}
    - target: {fileID: 1627462795738649768, guid: 18f92d79af6c41046b63bf31f6e6314d,
        type: 3}
      propertyPath: m_StaticEditorFlags
      value: 1
      objectReference: {fileID: 0}
    - target: {fileID: 1627462795833377562, guid: 18f92d79af6c41046b63bf31f6e6314d,
        type: 3}
      propertyPath: m_StaticEditorFlags
      value: 1
      objectReference: {fileID: 0}
    - target: {fileID: 1627462796704873863, guid: 18f92d79af6c41046b63bf31f6e6314d,
        type: 3}
      propertyPath: m_StaticEditorFlags
      value: 1
      objectReference: {fileID: 0}
    - target: {fileID: 1627462796746385973, guid: 18f92d79af6c41046b63bf31f6e6314d,
        type: 3}
      propertyPath: m_StaticEditorFlags
      value: 1
      objectReference: {fileID: 0}
    - target: {fileID: 4754789066636743720, guid: 18f92d79af6c41046b63bf31f6e6314d,
        type: 3}
      propertyPath: m_RootOrder
      value: 7
      objectReference: {fileID: 0}
    - target: {fileID: 4754789066636743720, guid: 18f92d79af6c41046b63bf31f6e6314d,
        type: 3}
      propertyPath: m_LocalPosition.x
      value: -66.21
      objectReference: {fileID: 0}
    - target: {fileID: 4754789066636743720, guid: 18f92d79af6c41046b63bf31f6e6314d,
        type: 3}
      propertyPath: m_LocalPosition.y
      value: 5.3129997
      objectReference: {fileID: 0}
    - target: {fileID: 4754789066636743720, guid: 18f92d79af6c41046b63bf31f6e6314d,
        type: 3}
      propertyPath: m_LocalPosition.z
      value: -171.07
      objectReference: {fileID: 0}
    - target: {fileID: 4754789066636743720, guid: 18f92d79af6c41046b63bf31f6e6314d,
        type: 3}
      propertyPath: m_LocalRotation.w
      value: 0.7071068
      objectReference: {fileID: 0}
    - target: {fileID: 4754789066636743720, guid: 18f92d79af6c41046b63bf31f6e6314d,
        type: 3}
      propertyPath: m_LocalRotation.x
      value: 0
      objectReference: {fileID: 0}
    - target: {fileID: 4754789066636743720, guid: 18f92d79af6c41046b63bf31f6e6314d,
        type: 3}
      propertyPath: m_LocalRotation.y
      value: 0.7071068
      objectReference: {fileID: 0}
    - target: {fileID: 4754789066636743720, guid: 18f92d79af6c41046b63bf31f6e6314d,
        type: 3}
      propertyPath: m_LocalRotation.z
      value: 0
      objectReference: {fileID: 0}
    - target: {fileID: 4754789066636743720, guid: 18f92d79af6c41046b63bf31f6e6314d,
        type: 3}
      propertyPath: m_LocalEulerAnglesHint.x
      value: 0
      objectReference: {fileID: 0}
    - target: {fileID: 4754789066636743720, guid: 18f92d79af6c41046b63bf31f6e6314d,
        type: 3}
      propertyPath: m_LocalEulerAnglesHint.y
      value: 90
      objectReference: {fileID: 0}
    - target: {fileID: 4754789066636743720, guid: 18f92d79af6c41046b63bf31f6e6314d,
        type: 3}
      propertyPath: m_LocalEulerAnglesHint.z
      value: 0
      objectReference: {fileID: 0}
    - target: {fileID: 4819353658793245134, guid: 18f92d79af6c41046b63bf31f6e6314d,
        type: 3}
      propertyPath: m_StaticEditorFlags
      value: 1
      objectReference: {fileID: 0}
    - target: {fileID: 5629676897114761444, guid: 18f92d79af6c41046b63bf31f6e6314d,
        type: 3}
      propertyPath: m_StaticEditorFlags
      value: 1
      objectReference: {fileID: 0}
    - target: {fileID: 5629676897331460237, guid: 18f92d79af6c41046b63bf31f6e6314d,
        type: 3}
      propertyPath: m_StaticEditorFlags
      value: 1
      objectReference: {fileID: 0}
    - target: {fileID: 5629676897532088193, guid: 18f92d79af6c41046b63bf31f6e6314d,
        type: 3}
      propertyPath: m_StaticEditorFlags
      value: 1
      objectReference: {fileID: 0}
    - target: {fileID: 5629676897578151227, guid: 18f92d79af6c41046b63bf31f6e6314d,
        type: 3}
      propertyPath: m_StaticEditorFlags
      value: 1
      objectReference: {fileID: 0}
    - target: {fileID: 5629676897740215033, guid: 18f92d79af6c41046b63bf31f6e6314d,
        type: 3}
      propertyPath: m_StaticEditorFlags
      value: 1
      objectReference: {fileID: 0}
    - target: {fileID: 5629676897756169330, guid: 18f92d79af6c41046b63bf31f6e6314d,
        type: 3}
      propertyPath: m_StaticEditorFlags
      value: 1
      objectReference: {fileID: 0}
    - target: {fileID: 5629676897772987669, guid: 18f92d79af6c41046b63bf31f6e6314d,
        type: 3}
      propertyPath: m_LocalScale.x
      value: 4.239284
      objectReference: {fileID: 0}
    - target: {fileID: 5629676897772987669, guid: 18f92d79af6c41046b63bf31f6e6314d,
        type: 3}
      propertyPath: m_LocalScale.z
      value: 3.0808158
      objectReference: {fileID: 0}
    - target: {fileID: 5629676897772987669, guid: 18f92d79af6c41046b63bf31f6e6314d,
        type: 3}
      propertyPath: m_LocalPosition.x
      value: -52.2971
      objectReference: {fileID: 0}
    - target: {fileID: 5629676897772987669, guid: 18f92d79af6c41046b63bf31f6e6314d,
        type: 3}
      propertyPath: m_LocalPosition.z
      value: 18.1924
      objectReference: {fileID: 0}
    - target: {fileID: 5629676897772987689, guid: 18f92d79af6c41046b63bf31f6e6314d,
        type: 3}
      propertyPath: m_StaticEditorFlags
      value: 1
      objectReference: {fileID: 0}
    - target: {fileID: 5629676897987900031, guid: 18f92d79af6c41046b63bf31f6e6314d,
        type: 3}
      propertyPath: m_StaticEditorFlags
      value: 1
      objectReference: {fileID: 0}
    - target: {fileID: 5629676898336523022, guid: 18f92d79af6c41046b63bf31f6e6314d,
        type: 3}
      propertyPath: m_StaticEditorFlags
      value: 1
      objectReference: {fileID: 0}
    - target: {fileID: 5629676899017890575, guid: 18f92d79af6c41046b63bf31f6e6314d,
        type: 3}
      propertyPath: m_StaticEditorFlags
      value: 1
      objectReference: {fileID: 0}
    - target: {fileID: 5629676899101536346, guid: 18f92d79af6c41046b63bf31f6e6314d,
        type: 3}
      propertyPath: m_StaticEditorFlags
      value: 1
      objectReference: {fileID: 0}
    - target: {fileID: 6123959508537993626, guid: 18f92d79af6c41046b63bf31f6e6314d,
        type: 3}
      propertyPath: m_StaticEditorFlags
      value: 1
      objectReference: {fileID: 0}
    - target: {fileID: 6123959509025315127, guid: 18f92d79af6c41046b63bf31f6e6314d,
        type: 3}
      propertyPath: m_StaticEditorFlags
      value: 1
      objectReference: {fileID: 0}
    - target: {fileID: 6123959509405891843, guid: 18f92d79af6c41046b63bf31f6e6314d,
        type: 3}
      propertyPath: m_StaticEditorFlags
      value: 1
      objectReference: {fileID: 0}
    - target: {fileID: 6123959510108738604, guid: 18f92d79af6c41046b63bf31f6e6314d,
        type: 3}
      propertyPath: m_StaticEditorFlags
      value: 1
      objectReference: {fileID: 0}
    - target: {fileID: 8128903933643928426, guid: 18f92d79af6c41046b63bf31f6e6314d,
        type: 3}
      propertyPath: m_Name
      value: KhrallidBossRoom
      objectReference: {fileID: 0}
    - target: {fileID: 9092247851759211093, guid: 18f92d79af6c41046b63bf31f6e6314d,
        type: 3}
      propertyPath: m_StaticEditorFlags
      value: 1
      objectReference: {fileID: 0}
    m_RemovedComponents: []
    m_RemovedGameObjects: []
    m_AddedGameObjects: []
    m_AddedComponents: []
  m_SourcePrefab: {fileID: 100100000, guid: 18f92d79af6c41046b63bf31f6e6314d, type: 3}
--- !u!1 &581351690 stripped
GameObject:
  m_CorrespondingSourceObject: {fileID: 4819353658793245134, guid: 18f92d79af6c41046b63bf31f6e6314d,
    type: 3}
  m_PrefabInstance: {fileID: 581351689}
  m_PrefabAsset: {fileID: 0}
--- !u!43 &645695016
Mesh:
  m_ObjectHideFlags: 0
  m_CorrespondingSourceObject: {fileID: 0}
  m_PrefabInstance: {fileID: 0}
  m_PrefabAsset: {fileID: 0}
  m_Name: pb_Mesh-230770
  serializedVersion: 11
  m_SubMeshes:
  - serializedVersion: 2
    firstByte: 0
    indexCount: 24
    topology: 0
    baseVertex: 0
    firstVertex: 0
    vertexCount: 18
    localAABB:
      m_Center: {x: -2.2373486, y: 0.02185595, z: -2.2567043}
      m_Extent: {x: 2.2693725, y: 0.021856189, z: 2.2567043}
  m_Shapes:
    vertices: []
    shapes: []
    channels: []
    fullWeights: []
  m_BindPose: []
  m_BoneNameHashes: 
  m_RootBoneNameHash: 0
  m_BonesAABB: []
  m_VariableBoneCountWeights:
    m_Data: 
  m_MeshCompression: 0
  m_IsReadable: 1
  m_KeepVertices: 1
  m_KeepIndices: 1
  m_IndexFormat: 0
  m_IndexBuffer: 0000010002000300040005000600070008000700090008000a000b000c000b000d000c000e000f0010000f0011001000
  m_VertexData:
    serializedVersion: 3
    m_VertexCount: 18
    m_Channels:
    - stream: 0
      offset: 0
      format: 0
      dimension: 3
    - stream: 0
      offset: 12
      format: 0
      dimension: 3
    - stream: 0
      offset: 24
      format: 0
      dimension: 4
    - stream: 0
      offset: 0
      format: 0
      dimension: 0
    - stream: 0
      offset: 40
      format: 0
      dimension: 2
    - stream: 0
      offset: 48
      format: 0
      dimension: 2
    - stream: 0
      offset: 0
      format: 0
      dimension: 0
    - stream: 0
      offset: 0
      format: 0
      dimension: 0
    - stream: 0
      offset: 0
      format: 0
      dimension: 0
    - stream: 0
      offset: 0
      format: 0
      dimension: 0
    - stream: 0
      offset: 0
      format: 0
      dimension: 0
    - stream: 0
      offset: 0
      format: 0
      dimension: 0
    - stream: 0
      offset: 0
      format: 0
      dimension: 0
    - stream: 0
      offset: 0
      format: 0
      dimension: 0
    m_DataSize: 1008
    _typelessdata: 812b033d400b333dd86d90c0902b61330000803f294861b30000803f902b61b300000000000080bf802b033dd86d90c00bd7a33ca5808d3d0f3790c0800b333dc02490c0902b61330000803f294861b30000803f902b61b300000000000080bf0f3790c0c02490c05af1fb3ea5808d3d937b1d31800b333d938f1db1902b61330000803f294861b30000803f902b61b300000000000080bf00e013a401afd124ddaec63ccfdc093f000000000000000000000000902b61b3000080bf29486133000080bf902b613300000000000080bf00000000000000001bf07b3f0cde093f0f3790c000000000c02490c0902b61b3000080bf29486133000080bf902b613300000000000080bf0f379040c02490c06517033f1243963d802b033d000080b4d86d90c0902b61b3000080bf29486133000080bf902b613300000000000080bf802b03bdd86d90c01bf07b3fa5808d3d802b033d000080b4d86d90c0bed500bb9635382fe0ff7fbfe0ff7f3f00000000bed500bb000080bf3183273ded6780b427d7a33c6576363d0f3790c000000000c02490c0bed500bb9635b82ee0ff7fbfe0ff7f3f00000000bed500bb000080bf72ee8fc085d94fb061f1fb3e6b76363d812b033d400b333dd86d90c0bed500bb9635b82ee0ff7fbfe0ff7f3f00000000bed500bb000080bf3283273d400b333d0bd7a33cbf15493d0f3790c0800b333dc02490c0bed500bb00000000e0ff7fbfe0ff7f3f00000000bed500bb000080bf72ee8fc0800b333d5ff1fb3ec515493d0f3790c000000000c02490c075f934bf000000007210353f721035bf0000000075f934bf000080bf7ee6cb40000000000bd7a33c0bd7a33c00000000000000000000000075f934bf44421f337210353f721035bf0000000075f934bf000080bf000000000000000011c82e3f0bd7a33c0f3790c0800b333dc02490c075f934bf44421f337210353f721035bf0000000075f934bf000080bf7ee6cb40800b333d0fd8a33cbe15c93c937b1d31800b333d938f1db175f934bf44429f337210353f721035bf0000000075f934bf000080bf479e44a5800b333d19c82e3fbe15c93c0000000000000000000000005afe7f3feb905fb30b7ee83b0b7ee8bbeb90df235afe7f3f000080bf00000000000000006917033f6b76363d802b033d000080b4d86d90c05afe7f3fa16593b30b7ee83b0b7ee8bba16513245afe7f3f000080bfc66e90c0000080b466457b3f6576363d937b1d31800b333d938f1db15afe7f3fa16593b30b7ee83b0b7ee8bba16513245afe7f3f000080bf9aac1eb1800b333d6e17033fc515493d812b033d400b333dd86d90c05afe7f3fcc02b7b30b7ee83b0b7ee8bbcc0237245afe7f3f000080bfc66e90c0400b333d6b457b3fbe15493d
  m_CompressedMesh:
    m_Vertices:
      m_NumItems: 0
      m_Range: 0
      m_Start: 0
      m_Data: 
      m_BitSize: 0
    m_UV:
      m_NumItems: 0
      m_Range: 0
      m_Start: 0
      m_Data: 
      m_BitSize: 0
    m_Normals:
      m_NumItems: 0
      m_Range: 0
      m_Start: 0
      m_Data: 
      m_BitSize: 0
    m_Tangents:
      m_NumItems: 0
      m_Range: 0
      m_Start: 0
      m_Data: 
      m_BitSize: 0
    m_Weights:
      m_NumItems: 0
      m_Data: 
      m_BitSize: 0
    m_NormalSigns:
      m_NumItems: 0
      m_Data: 
      m_BitSize: 0
    m_TangentSigns:
      m_NumItems: 0
      m_Data: 
      m_BitSize: 0
    m_FloatColors:
      m_NumItems: 0
      m_Range: 0
      m_Start: 0
      m_Data: 
      m_BitSize: 0
    m_BoneIndices:
      m_NumItems: 0
      m_Data: 
      m_BitSize: 0
    m_Triangles:
      m_NumItems: 0
      m_Data: 
      m_BitSize: 0
    m_UVInfo: 0
  m_LocalAABB:
    m_Center: {x: -2.2373486, y: 0.02185595, z: -2.2567043}
    m_Extent: {x: 2.2693725, y: 0.021856189, z: 2.2567043}
  m_MeshUsageFlags: 0
  m_CookingOptions: 30
  m_BakedConvexCollisionMesh: 
  m_BakedTriangleCollisionMesh: 
  m_MeshMetrics[0]: 1
  m_MeshMetrics[1]: 1
  m_MeshOptimizationFlags: 1
  m_StreamData:
    serializedVersion: 2
    offset: 0
    size: 0
    path: 
--- !u!1 &792584082
GameObject:
  m_ObjectHideFlags: 0
  m_CorrespondingSourceObject: {fileID: 0}
  m_PrefabInstance: {fileID: 0}
  m_PrefabAsset: {fileID: 0}
  serializedVersion: 6
  m_Component:
  - component: {fileID: 792584085}
  - component: {fileID: 792584084}
  - component: {fileID: 792584083}
  m_Layer: 0
  m_Name: LeverLight
  m_TagString: Untagged
  m_Icon: {fileID: 0}
  m_NavMeshLayer: 0
  m_StaticEditorFlags: 0
  m_IsActive: 1
--- !u!114 &792584083
MonoBehaviour:
  m_ObjectHideFlags: 0
  m_CorrespondingSourceObject: {fileID: 0}
  m_PrefabInstance: {fileID: 0}
  m_PrefabAsset: {fileID: 0}
  m_GameObject: {fileID: 792584082}
  m_Enabled: 1
  m_EditorHideFlags: 0
  m_Script: {fileID: 11500000, guid: 474bcb49853aa07438625e644c072ee6, type: 3}
  m_Name: 
  m_EditorClassIdentifier: 
  m_Version: 3
  m_UsePipelineSettings: 1
  m_AdditionalLightsShadowResolutionTier: 2
  m_LightLayerMask: 1
  m_RenderingLayers: 1
  m_CustomShadowLayers: 0
  m_ShadowLayerMask: 1
  m_ShadowRenderingLayers: 1
  m_LightCookieSize: {x: 1, y: 1}
  m_LightCookieOffset: {x: 0, y: 0}
  m_SoftShadowQuality: 0
--- !u!108 &792584084
Light:
  m_ObjectHideFlags: 0
  m_CorrespondingSourceObject: {fileID: 0}
  m_PrefabInstance: {fileID: 0}
  m_PrefabAsset: {fileID: 0}
  m_GameObject: {fileID: 792584082}
  m_Enabled: 1
  serializedVersion: 10
  m_Type: 0
  m_Shape: 0
  m_Color: {r: 1, g: 1, b: 1, a: 1}
  m_Intensity: 10
  m_Range: 5
  m_SpotAngle: 21.44564
  m_InnerSpotAngle: 13.24772
  m_CookieSize: 10
  m_Shadows:
    m_Type: 0
    m_Resolution: -1
    m_CustomResolution: -1
    m_Strength: 1
    m_Bias: 0.05
    m_NormalBias: 0.4
    m_NearPlane: 0.2
    m_CullingMatrixOverride:
      e00: 1
      e01: 0
      e02: 0
      e03: 0
      e10: 0
      e11: 1
      e12: 0
      e13: 0
      e20: 0
      e21: 0
      e22: 1
      e23: 0
      e30: 0
      e31: 0
      e32: 0
      e33: 1
    m_UseCullingMatrixOverride: 0
  m_Cookie: {fileID: 0}
  m_DrawHalo: 0
  m_Flare: {fileID: 0}
  m_RenderMode: 0
  m_CullingMask:
    serializedVersion: 2
    m_Bits: 4294967295
  m_RenderingLayerMask: 1
  m_Lightmapping: 4
  m_LightShadowCasterMode: 0
  m_AreaSize: {x: 1, y: 1}
  m_BounceIntensity: 1
  m_ColorTemperature: 6570
  m_UseColorTemperature: 0
  m_BoundingSphereOverride: {x: 12, y: 0, z: 0, w: NaN}
  m_UseBoundingSphereOverride: 0
  m_UseViewFrustumForShadowCasterCull: 1
  m_ShadowRadius: 0
  m_ShadowAngle: 0
--- !u!4 &792584085
Transform:
  m_ObjectHideFlags: 0
  m_CorrespondingSourceObject: {fileID: 0}
  m_PrefabInstance: {fileID: 0}
  m_PrefabAsset: {fileID: 0}
  m_GameObject: {fileID: 792584082}
  m_LocalRotation: {x: 0.7071068, y: 0, z: 0, w: 0.7071068}
  m_LocalPosition: {x: -45.025, y: 2.185, z: -73.624}
  m_LocalScale: {x: 0.77784985, y: 0.77784985, z: 0.77784985}
  m_ConstrainProportionsScale: 0
  m_Children: []
  m_Father: {fileID: 0}
  m_RootOrder: 8
  m_LocalEulerAnglesHint: {x: 90, y: 0, z: 0}
--- !u!1 &860832835
GameObject:
  m_ObjectHideFlags: 0
  m_CorrespondingSourceObject: {fileID: 0}
  m_PrefabInstance: {fileID: 0}
  m_PrefabAsset: {fileID: 0}
  serializedVersion: 6
  m_Component:
  - component: {fileID: 860832836}
  - component: {fileID: 860832838}
  m_Layer: 0
  m_Name: ChessPuzzleManager
  m_TagString: ChessPuzzleManager
  m_Icon: {fileID: 0}
  m_NavMeshLayer: 0
  m_StaticEditorFlags: 0
  m_IsActive: 1
--- !u!4 &860832836
Transform:
  m_ObjectHideFlags: 0
  m_CorrespondingSourceObject: {fileID: 0}
  m_PrefabInstance: {fileID: 0}
  m_PrefabAsset: {fileID: 0}
  m_GameObject: {fileID: 860832835}
  m_LocalRotation: {x: 0, y: 0, z: 0, w: 1}
  m_LocalPosition: {x: 0, y: 0.062999964, z: 0}
  m_LocalScale: {x: 1, y: 1, z: 1}
  m_ConstrainProportionsScale: 0
  m_Children: []
  m_Father: {fileID: 0}
  m_RootOrder: 2
  m_LocalEulerAnglesHint: {x: 0, y: 0, z: 0}
--- !u!114 &860832838
MonoBehaviour:
  m_ObjectHideFlags: 0
  m_CorrespondingSourceObject: {fileID: 0}
  m_PrefabInstance: {fileID: 0}
  m_PrefabAsset: {fileID: 0}
  m_GameObject: {fileID: 860832835}
  m_Enabled: 1
  m_EditorHideFlags: 0
  m_Script: {fileID: 11500000, guid: 11f64d0e94e827e4fbfb74ccb626921a, type: 3}
  m_Name: 
  m_EditorClassIdentifier: 
  winningPiece: {fileID: 1017707620}
  winningCoordinate: {fileID: 1017707621}
  pieceLight: {fileID: 2042367533}
  positionLight: {fileID: 1585040279}
--- !u!1 &961298756
GameObject:
  m_ObjectHideFlags: 0
  m_CorrespondingSourceObject: {fileID: 0}
  m_PrefabInstance: {fileID: 0}
  m_PrefabAsset: {fileID: 0}
  serializedVersion: 6
  m_Component:
  - component: {fileID: 961298757}
  - component: {fileID: 961298759}
  - component: {fileID: 961298758}
  m_Layer: 0
  m_Name: QueenLight
  m_TagString: Untagged
  m_Icon: {fileID: 0}
  m_NavMeshLayer: 0
  m_StaticEditorFlags: 0
  m_IsActive: 1
--- !u!4 &961298757
Transform:
  m_ObjectHideFlags: 0
  m_CorrespondingSourceObject: {fileID: 0}
  m_PrefabInstance: {fileID: 0}
  m_PrefabAsset: {fileID: 0}
  m_GameObject: {fileID: 961298756}
  m_LocalRotation: {x: -0.7071068, y: -0, z: -0, w: -0.7071068}
  m_LocalPosition: {x: -1.71, y: -2.348, z: 4.39}
  m_LocalScale: {x: 0.77784985, y: 0.7778499, z: 0.7778499}
  m_ConstrainProportionsScale: 0
  m_Children: []
  m_Father: {fileID: 8795149820548346432}
  m_RootOrder: -1
  m_LocalEulerAnglesHint: {x: 90, y: 0, z: 0}
--- !u!114 &961298758
MonoBehaviour:
  m_ObjectHideFlags: 0
  m_CorrespondingSourceObject: {fileID: 0}
  m_PrefabInstance: {fileID: 0}
  m_PrefabAsset: {fileID: 0}
  m_GameObject: {fileID: 961298756}
  m_Enabled: 1
  m_EditorHideFlags: 0
  m_Script: {fileID: 11500000, guid: 474bcb49853aa07438625e644c072ee6, type: 3}
  m_Name: 
  m_EditorClassIdentifier: 
  m_Version: 3
  m_UsePipelineSettings: 1
  m_AdditionalLightsShadowResolutionTier: 2
  m_LightLayerMask: 1
  m_RenderingLayers: 1
  m_CustomShadowLayers: 0
  m_ShadowLayerMask: 1
  m_ShadowRenderingLayers: 1
  m_LightCookieSize: {x: 1, y: 1}
  m_LightCookieOffset: {x: 0, y: 0}
  m_SoftShadowQuality: 0
--- !u!108 &961298759
Light:
  m_ObjectHideFlags: 0
  m_CorrespondingSourceObject: {fileID: 0}
  m_PrefabInstance: {fileID: 0}
  m_PrefabAsset: {fileID: 0}
  m_GameObject: {fileID: 961298756}
  m_Enabled: 1
  serializedVersion: 10
  m_Type: 0
  m_Shape: 0
  m_Color: {r: 1, g: 1, b: 1, a: 1}
  m_Intensity: 20
  m_Range: 5
  m_SpotAngle: 44.443497
  m_InnerSpotAngle: 20.0807
  m_CookieSize: 10
  m_Shadows:
    m_Type: 0
    m_Resolution: -1
    m_CustomResolution: -1
    m_Strength: 1
    m_Bias: 0.05
    m_NormalBias: 0.4
    m_NearPlane: 0.2
    m_CullingMatrixOverride:
      e00: 1
      e01: 0
      e02: 0
      e03: 0
      e10: 0
      e11: 1
      e12: 0
      e13: 0
      e20: 0
      e21: 0
      e22: 1
      e23: 0
      e30: 0
      e31: 0
      e32: 0
      e33: 1
    m_UseCullingMatrixOverride: 0
  m_Cookie: {fileID: 0}
  m_DrawHalo: 0
  m_Flare: {fileID: 0}
  m_RenderMode: 0
  m_CullingMask:
    serializedVersion: 2
    m_Bits: 4294967295
  m_RenderingLayerMask: 1
  m_Lightmapping: 4
  m_LightShadowCasterMode: 0
  m_AreaSize: {x: 1, y: 1}
  m_BounceIntensity: 1
  m_ColorTemperature: 6570
  m_UseColorTemperature: 0
  m_BoundingSphereOverride: {x: 12, y: 0, z: 0, w: NaN}
  m_UseBoundingSphereOverride: 0
  m_UseViewFrustumForShadowCasterCull: 1
  m_ShadowRadius: 0
  m_ShadowAngle: 0
--- !u!1 &1017707620 stripped
GameObject:
  m_CorrespondingSourceObject: {fileID: 8871611007372669116, guid: cf208f8deec3a8c4fbac90ddbc3b2d22,
    type: 3}
  m_PrefabInstance: {fileID: 8795149820548346431}
  m_PrefabAsset: {fileID: 0}
--- !u!1 &1017707621 stripped
GameObject:
  m_CorrespondingSourceObject: {fileID: 1470307657, guid: cf208f8deec3a8c4fbac90ddbc3b2d22,
    type: 3}
  m_PrefabInstance: {fileID: 8795149820548346431}
  m_PrefabAsset: {fileID: 0}
--- !u!1 &1141172378
GameObject:
  m_ObjectHideFlags: 0
  m_CorrespondingSourceObject: {fileID: 0}
  m_PrefabInstance: {fileID: 0}
  m_PrefabAsset: {fileID: 0}
  serializedVersion: 6
  m_Component:
  - component: {fileID: 1141172379}
  - component: {fileID: 1141172381}
  - component: {fileID: 1141172380}
  m_Layer: 0
  m_Name: KingLight
  m_TagString: Untagged
  m_Icon: {fileID: 0}
  m_NavMeshLayer: 0
  m_StaticEditorFlags: 0
  m_IsActive: 1
--- !u!4 &1141172379
Transform:
  m_ObjectHideFlags: 0
  m_CorrespondingSourceObject: {fileID: 0}
  m_PrefabInstance: {fileID: 0}
  m_PrefabAsset: {fileID: 0}
  m_GameObject: {fileID: 1141172378}
  m_LocalRotation: {x: -0.7071068, y: -0, z: -0, w: -0.7071068}
  m_LocalPosition: {x: -0.729, y: -1.94, z: -2.6}
  m_LocalScale: {x: 0.77784985, y: 0.7778499, z: 0.7778499}
  m_ConstrainProportionsScale: 0
  m_Children: []
  m_Father: {fileID: 8795149820548346432}
  m_RootOrder: -1
  m_LocalEulerAnglesHint: {x: 90, y: 0, z: 0}
--- !u!114 &1141172380
MonoBehaviour:
  m_ObjectHideFlags: 0
  m_CorrespondingSourceObject: {fileID: 0}
  m_PrefabInstance: {fileID: 0}
  m_PrefabAsset: {fileID: 0}
  m_GameObject: {fileID: 1141172378}
  m_Enabled: 1
  m_EditorHideFlags: 0
  m_Script: {fileID: 11500000, guid: 474bcb49853aa07438625e644c072ee6, type: 3}
  m_Name: 
  m_EditorClassIdentifier: 
  m_Version: 3
  m_UsePipelineSettings: 1
  m_AdditionalLightsShadowResolutionTier: 2
  m_LightLayerMask: 1
  m_RenderingLayers: 1
  m_CustomShadowLayers: 0
  m_ShadowLayerMask: 1
  m_ShadowRenderingLayers: 1
  m_LightCookieSize: {x: 1, y: 1}
  m_LightCookieOffset: {x: 0, y: 0}
  m_SoftShadowQuality: 0
--- !u!108 &1141172381
Light:
  m_ObjectHideFlags: 0
  m_CorrespondingSourceObject: {fileID: 0}
  m_PrefabInstance: {fileID: 0}
  m_PrefabAsset: {fileID: 0}
  m_GameObject: {fileID: 1141172378}
  m_Enabled: 1
  serializedVersion: 10
  m_Type: 0
  m_Shape: 0
  m_Color: {r: 1, g: 1, b: 1, a: 1}
  m_Intensity: 10
  m_Range: 5
  m_SpotAngle: 21.44564
  m_InnerSpotAngle: 13.24772
  m_CookieSize: 10
  m_Shadows:
    m_Type: 0
    m_Resolution: -1
    m_CustomResolution: -1
    m_Strength: 1
    m_Bias: 0.05
    m_NormalBias: 0.4
    m_NearPlane: 0.2
    m_CullingMatrixOverride:
      e00: 1
      e01: 0
      e02: 0
      e03: 0
      e10: 0
      e11: 1
      e12: 0
      e13: 0
      e20: 0
      e21: 0
      e22: 1
      e23: 0
      e30: 0
      e31: 0
      e32: 0
      e33: 1
    m_UseCullingMatrixOverride: 0
  m_Cookie: {fileID: 0}
  m_DrawHalo: 0
  m_Flare: {fileID: 0}
  m_RenderMode: 0
  m_CullingMask:
    serializedVersion: 2
    m_Bits: 4294967295
  m_RenderingLayerMask: 1
  m_Lightmapping: 4
  m_LightShadowCasterMode: 0
  m_AreaSize: {x: 1, y: 1}
  m_BounceIntensity: 1
  m_ColorTemperature: 6570
  m_UseColorTemperature: 0
  m_BoundingSphereOverride: {x: 12, y: 0, z: 0, w: NaN}
  m_UseBoundingSphereOverride: 0
  m_UseViewFrustumForShadowCasterCull: 1
  m_ShadowRadius: 0
  m_ShadowAngle: 0
--- !u!1 &1585040277
GameObject:
  m_ObjectHideFlags: 0
  m_CorrespondingSourceObject: {fileID: 0}
  m_PrefabInstance: {fileID: 0}
  m_PrefabAsset: {fileID: 0}
  serializedVersion: 6
  m_Component:
  - component: {fileID: 1585040280}
  - component: {fileID: 1585040279}
  - component: {fileID: 1585040278}
  m_Layer: 0
  m_Name: LightPositions
  m_TagString: Untagged
  m_Icon: {fileID: 0}
  m_NavMeshLayer: 0
  m_StaticEditorFlags: 0
  m_IsActive: 1
--- !u!114 &1585040278
MonoBehaviour:
  m_ObjectHideFlags: 0
  m_CorrespondingSourceObject: {fileID: 0}
  m_PrefabInstance: {fileID: 0}
  m_PrefabAsset: {fileID: 0}
  m_GameObject: {fileID: 1585040277}
  m_Enabled: 1
  m_EditorHideFlags: 0
  m_Script: {fileID: 11500000, guid: 474bcb49853aa07438625e644c072ee6, type: 3}
  m_Name: 
  m_EditorClassIdentifier: 
  m_Version: 3
  m_UsePipelineSettings: 1
  m_AdditionalLightsShadowResolutionTier: 2
  m_LightLayerMask: 1
  m_RenderingLayers: 1
  m_CustomShadowLayers: 0
  m_ShadowLayerMask: 1
  m_ShadowRenderingLayers: 1
  m_LightCookieSize: {x: 1, y: 1}
  m_LightCookieOffset: {x: 0, y: 0}
  m_SoftShadowQuality: 0
--- !u!108 &1585040279
Light:
  m_ObjectHideFlags: 0
  m_CorrespondingSourceObject: {fileID: 0}
  m_PrefabInstance: {fileID: 0}
  m_PrefabAsset: {fileID: 0}
  m_GameObject: {fileID: 1585040277}
  m_Enabled: 1
  serializedVersion: 10
  m_Type: 2
  m_Shape: 0
  m_Color: {r: 0, g: 0.9622642, b: 0.9186702, a: 1}
  m_Intensity: 3
  m_Range: 1
  m_SpotAngle: 17.555582
  m_InnerSpotAngle: 11.340305
  m_CookieSize: 10
  m_Shadows:
    m_Type: 0
    m_Resolution: -1
    m_CustomResolution: -1
    m_Strength: 1
    m_Bias: 0.05
    m_NormalBias: 0.4
    m_NearPlane: 0.2
    m_CullingMatrixOverride:
      e00: 1
      e01: 0
      e02: 0
      e03: 0
      e10: 0
      e11: 1
      e12: 0
      e13: 0
      e20: 0
      e21: 0
      e22: 1
      e23: 0
      e30: 0
      e31: 0
      e32: 0
      e33: 1
    m_UseCullingMatrixOverride: 0
  m_Cookie: {fileID: 0}
  m_DrawHalo: 0
  m_Flare: {fileID: 0}
  m_RenderMode: 1
  m_CullingMask:
    serializedVersion: 2
    m_Bits: 4294967295
  m_RenderingLayerMask: 1
  m_Lightmapping: 4
  m_LightShadowCasterMode: 0
  m_AreaSize: {x: 1, y: 1}
  m_BounceIntensity: 0
  m_ColorTemperature: 6570
  m_UseColorTemperature: 0
  m_BoundingSphereOverride: {x: 0, y: 0, z: 0, w: 0}
  m_UseBoundingSphereOverride: 0
  m_UseViewFrustumForShadowCasterCull: 1
  m_ShadowRadius: 0
  m_ShadowAngle: 0
--- !u!4 &1585040280
Transform:
  m_ObjectHideFlags: 0
  m_CorrespondingSourceObject: {fileID: 0}
  m_PrefabInstance: {fileID: 0}
  m_PrefabAsset: {fileID: 0}
  m_GameObject: {fileID: 1585040277}
  m_LocalRotation: {x: 0.7071068, y: 0, z: 0, w: 0.7071068}
  m_LocalPosition: {x: -48.43, y: -2.882, z: -81.325}
  m_LocalScale: {x: 1, y: 1, z: 1}
  m_ConstrainProportionsScale: 0
  m_Children: []
  m_Father: {fileID: 0}
  m_RootOrder: 4
  m_LocalEulerAnglesHint: {x: 90, y: 0, z: 0}
--- !u!1 &1747608881 stripped
GameObject:
  m_CorrespondingSourceObject: {fileID: 8795149820761962060, guid: cf208f8deec3a8c4fbac90ddbc3b2d22,
    type: 3}
  m_PrefabInstance: {fileID: 8795149820548346431}
  m_PrefabAsset: {fileID: 0}
--- !u!1 &1891648039
GameObject:
  m_ObjectHideFlags: 0
  m_CorrespondingSourceObject: {fileID: 0}
  m_PrefabInstance: {fileID: 0}
  m_PrefabAsset: {fileID: 0}
  serializedVersion: 6
  m_Component:
  - component: {fileID: 1891648040}
  - component: {fileID: 1891648042}
  - component: {fileID: 1891648041}
  m_Layer: 0
  m_Name: HintLight
  m_TagString: Untagged
  m_Icon: {fileID: 0}
  m_NavMeshLayer: 0
  m_StaticEditorFlags: 0
  m_IsActive: 1
--- !u!4 &1891648040
Transform:
  m_ObjectHideFlags: 0
  m_CorrespondingSourceObject: {fileID: 0}
  m_PrefabInstance: {fileID: 0}
  m_PrefabAsset: {fileID: 0}
  m_GameObject: {fileID: 1891648039}
  m_LocalRotation: {x: -0.7071068, y: -0, z: -0, w: -0.7071068}
  m_LocalPosition: {x: 2.32, y: -2.44, z: 0.37}
  m_LocalScale: {x: 0.77784985, y: 0.7778499, z: 0.7778499}
  m_ConstrainProportionsScale: 0
  m_Children: []
  m_Father: {fileID: 8795149820548346432}
  m_RootOrder: -1
  m_LocalEulerAnglesHint: {x: 90, y: 0, z: 0}
--- !u!114 &1891648041
MonoBehaviour:
  m_ObjectHideFlags: 0
  m_CorrespondingSourceObject: {fileID: 0}
  m_PrefabInstance: {fileID: 0}
  m_PrefabAsset: {fileID: 0}
  m_GameObject: {fileID: 1891648039}
  m_Enabled: 1
  m_EditorHideFlags: 0
  m_Script: {fileID: 11500000, guid: 474bcb49853aa07438625e644c072ee6, type: 3}
  m_Name: 
  m_EditorClassIdentifier: 
  m_Version: 3
  m_UsePipelineSettings: 1
  m_AdditionalLightsShadowResolutionTier: 2
  m_LightLayerMask: 1
  m_RenderingLayers: 1
  m_CustomShadowLayers: 0
  m_ShadowLayerMask: 1
  m_ShadowRenderingLayers: 1
  m_LightCookieSize: {x: 1, y: 1}
  m_LightCookieOffset: {x: 0, y: 0}
  m_SoftShadowQuality: 0
--- !u!108 &1891648042
Light:
  m_ObjectHideFlags: 0
  m_CorrespondingSourceObject: {fileID: 0}
  m_PrefabInstance: {fileID: 0}
  m_PrefabAsset: {fileID: 0}
  m_GameObject: {fileID: 1891648039}
  m_Enabled: 1
  serializedVersion: 10
  m_Type: 0
  m_Shape: 0
  m_Color: {r: 1, g: 1, b: 1, a: 1}
  m_Intensity: 20
  m_Range: 5
  m_SpotAngle: 36.777542
  m_InnerSpotAngle: 24.746647
  m_CookieSize: 10
  m_Shadows:
    m_Type: 0
    m_Resolution: -1
    m_CustomResolution: -1
    m_Strength: 1
    m_Bias: 0.05
    m_NormalBias: 0.4
    m_NearPlane: 0.2
    m_CullingMatrixOverride:
      e00: 1
      e01: 0
      e02: 0
      e03: 0
      e10: 0
      e11: 1
      e12: 0
      e13: 0
      e20: 0
      e21: 0
      e22: 1
      e23: 0
      e30: 0
      e31: 0
      e32: 0
      e33: 1
    m_UseCullingMatrixOverride: 0
  m_Cookie: {fileID: 0}
  m_DrawHalo: 0
  m_Flare: {fileID: 0}
  m_RenderMode: 0
  m_CullingMask:
    serializedVersion: 2
    m_Bits: 4294967295
  m_RenderingLayerMask: 1
  m_Lightmapping: 4
  m_LightShadowCasterMode: 0
  m_AreaSize: {x: 1, y: 1}
  m_BounceIntensity: 1
  m_ColorTemperature: 6570
  m_UseColorTemperature: 0
  m_BoundingSphereOverride: {x: 12, y: 0, z: 0, w: NaN}
  m_UseBoundingSphereOverride: 0
  m_UseViewFrustumForShadowCasterCull: 1
  m_ShadowRadius: 0
  m_ShadowAngle: 0
--- !u!43 &1965702971
Mesh:
  m_ObjectHideFlags: 0
  m_CorrespondingSourceObject: {fileID: 0}
  m_PrefabInstance: {fileID: 0}
  m_PrefabAsset: {fileID: 0}
  m_Name: pb_Mesh-230802
  serializedVersion: 11
  m_SubMeshes:
  - serializedVersion: 2
    firstByte: 0
    indexCount: 24
    topology: 0
    baseVertex: 0
    firstVertex: 0
    vertexCount: 18
    localAABB:
      m_Center: {x: -2.2373486, y: 0.02185595, z: -2.2567043}
      m_Extent: {x: 2.2693725, y: 0.021856189, z: 2.2567043}
  m_Shapes:
    vertices: []
    shapes: []
    channels: []
    fullWeights: []
  m_BindPose: []
  m_BoneNameHashes: 
  m_RootBoneNameHash: 0
  m_BonesAABB: []
  m_VariableBoneCountWeights:
    m_Data: 
  m_MeshCompression: 0
  m_IsReadable: 1
  m_KeepVertices: 1
  m_KeepIndices: 1
  m_IndexFormat: 0
  m_IndexBuffer: 0000010002000300040005000600070008000700090008000a000b000c000b000d000c000e000f0010000f0011001000
  m_VertexData:
    serializedVersion: 3
    m_VertexCount: 18
    m_Channels:
    - stream: 0
      offset: 0
      format: 0
      dimension: 3
    - stream: 0
      offset: 12
      format: 0
      dimension: 3
    - stream: 0
      offset: 24
      format: 0
      dimension: 4
    - stream: 0
      offset: 0
      format: 0
      dimension: 0
    - stream: 0
      offset: 40
      format: 0
      dimension: 2
    - stream: 0
      offset: 48
      format: 0
      dimension: 2
    - stream: 0
      offset: 0
      format: 0
      dimension: 0
    - stream: 0
      offset: 0
      format: 0
      dimension: 0
    - stream: 0
      offset: 0
      format: 0
      dimension: 0
    - stream: 0
      offset: 0
      format: 0
      dimension: 0
    - stream: 0
      offset: 0
      format: 0
      dimension: 0
    - stream: 0
      offset: 0
      format: 0
      dimension: 0
    - stream: 0
      offset: 0
      format: 0
      dimension: 0
    - stream: 0
      offset: 0
      format: 0
      dimension: 0
    m_DataSize: 1008
    _typelessdata: 812b033d400b333dd86d90c0902b61330000803f294861b30000803f902b61b300000000000080bf802b033dd86d90c00bd7a33ca5808d3d0f3790c0800b333dc02490c0902b61330000803f294861b30000803f902b61b300000000000080bf0f3790c0c02490c05af1fb3ea5808d3d937b1d31800b333d938f1db1902b61330000803f294861b30000803f902b61b300000000000080bf00e013a401afd124ddaec63ccfdc093f000000000000000000000000902b61b3000080bf29486133000080bf902b613300000000000080bf00000000000000001bf07b3f0cde093f0f3790c000000000c02490c0902b61b3000080bf29486133000080bf902b613300000000000080bf0f379040c02490c06517033f1243963d802b033d000080b4d86d90c0902b61b3000080bf29486133000080bf902b613300000000000080bf802b03bdd86d90c01bf07b3fa5808d3d802b033d000080b4d86d90c0bed500bb9635382fe0ff7fbfe0ff7f3f00000000bed500bb000080bf3183273ded6780b427d7a33c6576363d0f3790c000000000c02490c0bed500bb9635b82ee0ff7fbfe0ff7f3f00000000bed500bb000080bf72ee8fc085d94fb061f1fb3e6b76363d812b033d400b333dd86d90c0bed500bb9635b82ee0ff7fbfe0ff7f3f00000000bed500bb000080bf3283273d400b333d0bd7a33cbf15493d0f3790c0800b333dc02490c0bed500bb00000000e0ff7fbfe0ff7f3f00000000bed500bb000080bf72ee8fc0800b333d5ff1fb3ec515493d0f3790c000000000c02490c075f934bf000000007210353f721035bf0000000075f934bf000080bf7ee6cb40000000000bd7a33c0bd7a33c00000000000000000000000075f934bf44421f337210353f721035bf0000000075f934bf000080bf000000000000000011c82e3f0bd7a33c0f3790c0800b333dc02490c075f934bf44421f337210353f721035bf0000000075f934bf000080bf7ee6cb40800b333d0fd8a33cbe15c93c937b1d31800b333d938f1db175f934bf44429f337210353f721035bf0000000075f934bf000080bf479e44a5800b333d19c82e3fbe15c93c0000000000000000000000005afe7f3feb905fb30b7ee83b0b7ee8bbeb90df235afe7f3f000080bf00000000000000006917033f6b76363d802b033d000080b4d86d90c05afe7f3fa16593b30b7ee83b0b7ee8bba16513245afe7f3f000080bfc66e90c0000080b466457b3f6576363d937b1d31800b333d938f1db15afe7f3fa16593b30b7ee83b0b7ee8bba16513245afe7f3f000080bf9aac1eb1800b333d6e17033fc515493d812b033d400b333dd86d90c05afe7f3fcc02b7b30b7ee83b0b7ee8bbcc0237245afe7f3f000080bfc66e90c0400b333d6b457b3fbe15493d
  m_CompressedMesh:
    m_Vertices:
      m_NumItems: 0
      m_Range: 0
      m_Start: 0
      m_Data: 
      m_BitSize: 0
    m_UV:
      m_NumItems: 0
      m_Range: 0
      m_Start: 0
      m_Data: 
      m_BitSize: 0
    m_Normals:
      m_NumItems: 0
      m_Range: 0
      m_Start: 0
      m_Data: 
      m_BitSize: 0
    m_Tangents:
      m_NumItems: 0
      m_Range: 0
      m_Start: 0
      m_Data: 
      m_BitSize: 0
    m_Weights:
      m_NumItems: 0
      m_Data: 
      m_BitSize: 0
    m_NormalSigns:
      m_NumItems: 0
      m_Data: 
      m_BitSize: 0
    m_TangentSigns:
      m_NumItems: 0
      m_Data: 
      m_BitSize: 0
    m_FloatColors:
      m_NumItems: 0
      m_Range: 0
      m_Start: 0
      m_Data: 
      m_BitSize: 0
    m_BoneIndices:
      m_NumItems: 0
      m_Data: 
      m_BitSize: 0
    m_Triangles:
      m_NumItems: 0
      m_Data: 
      m_BitSize: 0
    m_UVInfo: 0
  m_LocalAABB:
    m_Center: {x: -2.2373486, y: 0.02185595, z: -2.2567043}
    m_Extent: {x: 2.2693725, y: 0.021856189, z: 2.2567043}
  m_MeshUsageFlags: 0
  m_CookingOptions: 30
  m_BakedConvexCollisionMesh: 
  m_BakedTriangleCollisionMesh: 
  m_MeshMetrics[0]: 1
  m_MeshMetrics[1]: 1
  m_MeshOptimizationFlags: 1
  m_StreamData:
    serializedVersion: 2
    offset: 0
    size: 0
    path: 
--- !u!1 &2042367531
GameObject:
  m_ObjectHideFlags: 0
  m_CorrespondingSourceObject: {fileID: 0}
  m_PrefabInstance: {fileID: 0}
  m_PrefabAsset: {fileID: 0}
  serializedVersion: 6
  m_Component:
  - component: {fileID: 2042367534}
  - component: {fileID: 2042367533}
  - component: {fileID: 2042367532}
  m_Layer: 0
  m_Name: LightPieces
  m_TagString: Untagged
  m_Icon: {fileID: 0}
  m_NavMeshLayer: 0
  m_StaticEditorFlags: 0
  m_IsActive: 1
--- !u!114 &2042367532
MonoBehaviour:
  m_ObjectHideFlags: 0
  m_CorrespondingSourceObject: {fileID: 0}
  m_PrefabInstance: {fileID: 0}
  m_PrefabAsset: {fileID: 0}
  m_GameObject: {fileID: 2042367531}
  m_Enabled: 1
  m_EditorHideFlags: 0
  m_Script: {fileID: 11500000, guid: 474bcb49853aa07438625e644c072ee6, type: 3}
  m_Name: 
  m_EditorClassIdentifier: 
  m_Version: 3
  m_UsePipelineSettings: 1
  m_AdditionalLightsShadowResolutionTier: 2
  m_LightLayerMask: 1
  m_RenderingLayers: 1
  m_CustomShadowLayers: 0
  m_ShadowLayerMask: 1
  m_ShadowRenderingLayers: 1
  m_LightCookieSize: {x: 1, y: 1}
  m_LightCookieOffset: {x: 0, y: 0}
  m_SoftShadowQuality: 0
--- !u!108 &2042367533
Light:
  m_ObjectHideFlags: 0
  m_CorrespondingSourceObject: {fileID: 0}
  m_PrefabInstance: {fileID: 0}
  m_PrefabAsset: {fileID: 0}
  m_GameObject: {fileID: 2042367531}
  m_Enabled: 1
  serializedVersion: 10
  m_Type: 2
  m_Shape: 0
  m_Color: {r: 0, g: 0.97930706, b: 0.99215686, a: 1}
  m_Intensity: 3
  m_Range: 1
  m_SpotAngle: 17.555582
  m_InnerSpotAngle: 11.340305
  m_CookieSize: 10
  m_Shadows:
    m_Type: 0
    m_Resolution: -1
    m_CustomResolution: -1
    m_Strength: 1
    m_Bias: 0.05
    m_NormalBias: 0.4
    m_NearPlane: 0.2
    m_CullingMatrixOverride:
      e00: 1
      e01: 0
      e02: 0
      e03: 0
      e10: 0
      e11: 1
      e12: 0
      e13: 0
      e20: 0
      e21: 0
      e22: 1
      e23: 0
      e30: 0
      e31: 0
      e32: 0
      e33: 1
    m_UseCullingMatrixOverride: 0
  m_Cookie: {fileID: 0}
  m_DrawHalo: 0
  m_Flare: {fileID: 0}
  m_RenderMode: 1
  m_CullingMask:
    serializedVersion: 2
    m_Bits: 4294967295
  m_RenderingLayerMask: 1
  m_Lightmapping: 4
  m_LightShadowCasterMode: 0
  m_AreaSize: {x: 1, y: 1}
  m_BounceIntensity: 0
  m_ColorTemperature: 6570
  m_UseColorTemperature: 0
  m_BoundingSphereOverride: {x: 0, y: 0, z: 0, w: 0}
  m_UseBoundingSphereOverride: 0
  m_UseViewFrustumForShadowCasterCull: 1
  m_ShadowRadius: 0
  m_ShadowAngle: 0
--- !u!4 &2042367534
Transform:
  m_ObjectHideFlags: 0
  m_CorrespondingSourceObject: {fileID: 0}
  m_PrefabInstance: {fileID: 0}
  m_PrefabAsset: {fileID: 0}
  m_GameObject: {fileID: 2042367531}
  m_LocalRotation: {x: 0, y: 0.7071068, z: -0.7071068, w: 0}
  m_LocalPosition: {x: -49.311, y: -2.593, z: -79.3}
  m_LocalScale: {x: 1, y: 1, z: 1}
  m_ConstrainProportionsScale: 0
  m_Children: []
  m_Father: {fileID: 0}
  m_RootOrder: 3
  m_LocalEulerAnglesHint: {x: 90, y: 180, z: 0}
--- !u!1001 &7972593316748248314
PrefabInstance:
  m_ObjectHideFlags: 0
  serializedVersion: 2
  m_Modification:
    serializedVersion: 3
    m_TransformParent: {fileID: 0}
    m_Modifications:
    - target: {fileID: 7090142115487696117, guid: efa24a8cb0373f043ad457839a75f9bc,
        type: 3}
      propertyPath: speed
      value: 2.2
      objectReference: {fileID: 0}
    - target: {fileID: 7090142115487696117, guid: efa24a8cb0373f043ad457839a75f9bc,
        type: 3}
      propertyPath: maxHealth
      value: 24
      objectReference: {fileID: 0}
    - target: {fileID: 7090142115487696117, guid: efa24a8cb0373f043ad457839a75f9bc,
        type: 3}
      propertyPath: invulnerableMaxTime
      value: 0.5
      objectReference: {fileID: 0}
    - target: {fileID: 7090142115487696125, guid: efa24a8cb0373f043ad457839a75f9bc,
        type: 3}
      propertyPath: m_Name
      value: StoneKnight
      objectReference: {fileID: 0}
    - target: {fileID: 7579257030194372167, guid: efa24a8cb0373f043ad457839a75f9bc,
        type: 3}
      propertyPath: m_RootOrder
      value: 6
      objectReference: {fileID: 0}
    - target: {fileID: 7579257030194372167, guid: efa24a8cb0373f043ad457839a75f9bc,
        type: 3}
      propertyPath: m_LocalPosition.x
      value: -47.22
      objectReference: {fileID: 0}
    - target: {fileID: 7579257030194372167, guid: efa24a8cb0373f043ad457839a75f9bc,
        type: 3}
      propertyPath: m_LocalPosition.y
      value: -1.1370001
      objectReference: {fileID: 0}
    - target: {fileID: 7579257030194372167, guid: efa24a8cb0373f043ad457839a75f9bc,
        type: 3}
      propertyPath: m_LocalPosition.z
      value: -94.43
      objectReference: {fileID: 0}
    - target: {fileID: 7579257030194372167, guid: efa24a8cb0373f043ad457839a75f9bc,
        type: 3}
      propertyPath: m_LocalRotation.w
      value: 1
      objectReference: {fileID: 0}
    - target: {fileID: 7579257030194372167, guid: efa24a8cb0373f043ad457839a75f9bc,
        type: 3}
      propertyPath: m_LocalRotation.x
      value: 0
      objectReference: {fileID: 0}
    - target: {fileID: 7579257030194372167, guid: efa24a8cb0373f043ad457839a75f9bc,
        type: 3}
      propertyPath: m_LocalRotation.y
      value: 0
      objectReference: {fileID: 0}
    - target: {fileID: 7579257030194372167, guid: efa24a8cb0373f043ad457839a75f9bc,
        type: 3}
      propertyPath: m_LocalRotation.z
      value: 0
      objectReference: {fileID: 0}
    - target: {fileID: 7579257030194372167, guid: efa24a8cb0373f043ad457839a75f9bc,
        type: 3}
      propertyPath: m_LocalEulerAnglesHint.x
      value: 0
      objectReference: {fileID: 0}
    - target: {fileID: 7579257030194372167, guid: efa24a8cb0373f043ad457839a75f9bc,
        type: 3}
      propertyPath: m_LocalEulerAnglesHint.y
      value: 0
      objectReference: {fileID: 0}
    - target: {fileID: 7579257030194372167, guid: efa24a8cb0373f043ad457839a75f9bc,
        type: 3}
      propertyPath: m_LocalEulerAnglesHint.z
      value: 0
      objectReference: {fileID: 0}
    m_RemovedComponents: []
    m_RemovedGameObjects: []
    m_AddedGameObjects: []
    m_AddedComponents: []
  m_SourcePrefab: {fileID: 100100000, guid: efa24a8cb0373f043ad457839a75f9bc, type: 3}
--- !u!1001 &8795149820548346431
PrefabInstance:
  m_ObjectHideFlags: 0
  serializedVersion: 2
  m_Modification:
    serializedVersion: 3
    m_TransformParent: {fileID: 0}
    m_Modifications:
    - target: {fileID: 4123952119723573782, guid: cf208f8deec3a8c4fbac90ddbc3b2d22,
        type: 3}
      propertyPath: m_Intensity
      value: 25
      objectReference: {fileID: 0}
    - target: {fileID: 4123952119723573782, guid: cf208f8deec3a8c4fbac90ddbc3b2d22,
        type: 3}
      propertyPath: m_BoundingSphereOverride.w
      value: 3e-45
      objectReference: {fileID: 0}
    - target: {fileID: 4123952119723573782, guid: cf208f8deec3a8c4fbac90ddbc3b2d22,
        type: 3}
      propertyPath: m_BoundingSphereOverride.x
      value: 0.30452597
      objectReference: {fileID: 0}
    - target: {fileID: 4123952119723573782, guid: cf208f8deec3a8c4fbac90ddbc3b2d22,
        type: 3}
      propertyPath: m_BoundingSphereOverride.y
      value: 0
      objectReference: {fileID: 0}
    - target: {fileID: 4123952119723573782, guid: cf208f8deec3a8c4fbac90ddbc3b2d22,
        type: 3}
      propertyPath: m_BoundingSphereOverride.z
      value: 0.9
      objectReference: {fileID: 0}
    - target: {fileID: 7607829353271190351, guid: cf208f8deec3a8c4fbac90ddbc3b2d22,
        type: 3}
      propertyPath: m_Intensity
      value: 35
      objectReference: {fileID: 0}
    - target: {fileID: 7607829353271190351, guid: cf208f8deec3a8c4fbac90ddbc3b2d22,
        type: 3}
      propertyPath: m_BoundingSphereOverride.w
      value: -5.843172e+15
      objectReference: {fileID: 0}
    - target: {fileID: 7607829353271190351, guid: cf208f8deec3a8c4fbac90ddbc3b2d22,
        type: 3}
      propertyPath: m_BoundingSphereOverride.x
      value: 0
      objectReference: {fileID: 0}
    - target: {fileID: 7607829353271190351, guid: cf208f8deec3a8c4fbac90ddbc3b2d22,
        type: 3}
      propertyPath: m_BoundingSphereOverride.y
      value: 1.9406796e-11
      objectReference: {fileID: 0}
    - target: {fileID: 7607829353271190351, guid: cf208f8deec3a8c4fbac90ddbc3b2d22,
        type: 3}
      propertyPath: m_BoundingSphereOverride.z
      value: 6923658
      objectReference: {fileID: 0}
    - target: {fileID: 7607829353521883605, guid: cf208f8deec3a8c4fbac90ddbc3b2d22,
        type: 3}
      propertyPath: m_Intensity
      value: 35
      objectReference: {fileID: 0}
    - target: {fileID: 7607829353521883605, guid: cf208f8deec3a8c4fbac90ddbc3b2d22,
        type: 3}
      propertyPath: m_BoundingSphereOverride.w
      value: 0
      objectReference: {fileID: 0}
    - target: {fileID: 7607829353521883605, guid: cf208f8deec3a8c4fbac90ddbc3b2d22,
        type: 3}
      propertyPath: m_BoundingSphereOverride.x
      value: -3.5138797e+31
      objectReference: {fileID: 0}
    - target: {fileID: 7607829353521883605, guid: cf208f8deec3a8c4fbac90ddbc3b2d22,
        type: 3}
      propertyPath: m_BoundingSphereOverride.y
      value: 0
      objectReference: {fileID: 0}
    - target: {fileID: 7607829353521883605, guid: cf208f8deec3a8c4fbac90ddbc3b2d22,
        type: 3}
      propertyPath: m_BoundingSphereOverride.z
      value: 0
      objectReference: {fileID: 0}
    - target: {fileID: 7607829353892549997, guid: cf208f8deec3a8c4fbac90ddbc3b2d22,
        type: 3}
      propertyPath: m_Intensity
      value: 25
      objectReference: {fileID: 0}
    - target: {fileID: 7607829353892549997, guid: cf208f8deec3a8c4fbac90ddbc3b2d22,
        type: 3}
      propertyPath: m_BoundingSphereOverride.w
      value: -1.7389185e+10
      objectReference: {fileID: 0}
    - target: {fileID: 7607829353892549997, guid: cf208f8deec3a8c4fbac90ddbc3b2d22,
        type: 3}
      propertyPath: m_BoundingSphereOverride.x
      value: 6923658
      objectReference: {fileID: 0}
    - target: {fileID: 7607829353892549997, guid: cf208f8deec3a8c4fbac90ddbc3b2d22,
        type: 3}
      propertyPath: m_BoundingSphereOverride.y
      value: -5.843172e+15
      objectReference: {fileID: 0}
    - target: {fileID: 7607829353892549997, guid: cf208f8deec3a8c4fbac90ddbc3b2d22,
        type: 3}
      propertyPath: m_BoundingSphereOverride.z
      value: -5.0540034e-27
      objectReference: {fileID: 0}
    - target: {fileID: 7607829354178985280, guid: cf208f8deec3a8c4fbac90ddbc3b2d22,
        type: 3}
      propertyPath: m_Intensity
      value: 35
      objectReference: {fileID: 0}
    - target: {fileID: 7607829354178985280, guid: cf208f8deec3a8c4fbac90ddbc3b2d22,
        type: 3}
      propertyPath: m_BoundingSphereOverride.x
      value: NaN
      objectReference: {fileID: 0}
    - target: {fileID: 7607829354178985280, guid: cf208f8deec3a8c4fbac90ddbc3b2d22,
        type: 3}
      propertyPath: m_BoundingSphereOverride.y
      value: 0.06250001
      objectReference: {fileID: 0}
    - target: {fileID: 7607829354178985280, guid: cf208f8deec3a8c4fbac90ddbc3b2d22,
        type: 3}
      propertyPath: m_BoundingSphereOverride.z
      value: 1.3e-44
      objectReference: {fileID: 0}
    - target: {fileID: 7607829354383707278, guid: cf208f8deec3a8c4fbac90ddbc3b2d22,
        type: 3}
      propertyPath: m_Intensity
      value: 35
      objectReference: {fileID: 0}
    - target: {fileID: 7607829354383707278, guid: cf208f8deec3a8c4fbac90ddbc3b2d22,
        type: 3}
      propertyPath: m_BoundingSphereOverride.w
      value: 0
      objectReference: {fileID: 0}
    - target: {fileID: 7607829354383707278, guid: cf208f8deec3a8c4fbac90ddbc3b2d22,
        type: 3}
      propertyPath: m_BoundingSphereOverride.x
      value: -2.9850457e-24
      objectReference: {fileID: 0}
    - target: {fileID: 7607829354383707278, guid: cf208f8deec3a8c4fbac90ddbc3b2d22,
        type: 3}
      propertyPath: m_BoundingSphereOverride.y
      value: 249.99838
      objectReference: {fileID: 0}
    - target: {fileID: 7607829354383707278, guid: cf208f8deec3a8c4fbac90ddbc3b2d22,
        type: 3}
      propertyPath: m_BoundingSphereOverride.z
      value: 250
      objectReference: {fileID: 0}
    - target: {fileID: 7607829354462841692, guid: cf208f8deec3a8c4fbac90ddbc3b2d22,
        type: 3}
      propertyPath: m_Intensity
      value: 35
      objectReference: {fileID: 0}
    - target: {fileID: 7607829354462841692, guid: cf208f8deec3a8c4fbac90ddbc3b2d22,
        type: 3}
      propertyPath: m_BoundingSphereOverride.w
      value: NaN
      objectReference: {fileID: 0}
    - target: {fileID: 7607829354462841692, guid: cf208f8deec3a8c4fbac90ddbc3b2d22,
        type: 3}
      propertyPath: m_BoundingSphereOverride.x
      value: 0.9
      objectReference: {fileID: 0}
    - target: {fileID: 7607829354462841692, guid: cf208f8deec3a8c4fbac90ddbc3b2d22,
        type: 3}
      propertyPath: m_BoundingSphereOverride.y
      value: 3e-45
      objectReference: {fileID: 0}
    - target: {fileID: 7607829354462841692, guid: cf208f8deec3a8c4fbac90ddbc3b2d22,
        type: 3}
      propertyPath: m_BoundingSphereOverride.z
      value: 0.0001
      objectReference: {fileID: 0}
    - target: {fileID: 7607829354640726111, guid: cf208f8deec3a8c4fbac90ddbc3b2d22,
        type: 3}
      propertyPath: m_Intensity
      value: 35
      objectReference: {fileID: 0}
    - target: {fileID: 7607829354640726111, guid: cf208f8deec3a8c4fbac90ddbc3b2d22,
        type: 3}
      propertyPath: m_BoundingSphereOverride.w
      value: 0.00000010728836
      objectReference: {fileID: 0}
    - target: {fileID: 7607829354640726111, guid: cf208f8deec3a8c4fbac90ddbc3b2d22,
        type: 3}
      propertyPath: m_BoundingSphereOverride.x
      value: 0
      objectReference: {fileID: 0}
    - target: {fileID: 7607829354640726111, guid: cf208f8deec3a8c4fbac90ddbc3b2d22,
        type: 3}
      propertyPath: m_BoundingSphereOverride.z
      value: 0.9
      objectReference: {fileID: 0}
    - target: {fileID: 7607829354700348029, guid: cf208f8deec3a8c4fbac90ddbc3b2d22,
        type: 3}
      propertyPath: m_Intensity
      value: 35
      objectReference: {fileID: 0}
    - target: {fileID: 7607829354700348029, guid: cf208f8deec3a8c4fbac90ddbc3b2d22,
        type: 3}
      propertyPath: m_BoundingSphereOverride.x
      value: -7.942035e-38
      objectReference: {fileID: 0}
    - target: {fileID: 7607829354700348029, guid: cf208f8deec3a8c4fbac90ddbc3b2d22,
        type: 3}
      propertyPath: m_BoundingSphereOverride.y
      value: 4.424891e+37
      objectReference: {fileID: 0}
    - target: {fileID: 7607829354700348029, guid: cf208f8deec3a8c4fbac90ddbc3b2d22,
        type: 3}
      propertyPath: m_BoundingSphereOverride.z
      value: -3.5138797e+31
      objectReference: {fileID: 0}
    - target: {fileID: 7607829354713379455, guid: cf208f8deec3a8c4fbac90ddbc3b2d22,
        type: 3}
      propertyPath: m_Intensity
      value: 35
      objectReference: {fileID: 0}
    - target: {fileID: 7607829354713379455, guid: cf208f8deec3a8c4fbac90ddbc3b2d22,
        type: 3}
      propertyPath: m_BoundingSphereOverride.w
      value: 6.0690017
      objectReference: {fileID: 0}
    - target: {fileID: 7607829354713379455, guid: cf208f8deec3a8c4fbac90ddbc3b2d22,
        type: 3}
      propertyPath: m_BoundingSphereOverride.x
      value: -9.045518e+36
      objectReference: {fileID: 0}
    - target: {fileID: 7607829354713379455, guid: cf208f8deec3a8c4fbac90ddbc3b2d22,
        type: 3}
      propertyPath: m_BoundingSphereOverride.y
      value: -0.047455534
      objectReference: {fileID: 0}
    - target: {fileID: 7607829354713379455, guid: cf208f8deec3a8c4fbac90ddbc3b2d22,
        type: 3}
      propertyPath: m_BoundingSphereOverride.z
      value: -0.000000003220406
      objectReference: {fileID: 0}
    - target: {fileID: 8482321357816770145, guid: cf208f8deec3a8c4fbac90ddbc3b2d22,
        type: 3}
      propertyPath: m_Material
      value: 
      objectReference: {fileID: 13400000, guid: 5b30e3ab5d60c9e42bed81d62aa7f52d,
        type: 2}
    - target: {fileID: 8795149819715181638, guid: cf208f8deec3a8c4fbac90ddbc3b2d22,
        type: 3}
      propertyPath: m_Mesh
      value: 
      objectReference: {fileID: 1965702971}
    - target: {fileID: 8795149819715181638, guid: cf208f8deec3a8c4fbac90ddbc3b2d22,
        type: 3}
      propertyPath: m_VersionIndex
      value: 8150
      objectReference: {fileID: 0}
    - target: {fileID: 8795149819715181641, guid: cf208f8deec3a8c4fbac90ddbc3b2d22,
        type: 3}
      propertyPath: m_Mesh
      value: 
      objectReference: {fileID: 1965702971}
    - target: {fileID: 8795149819715181642, guid: cf208f8deec3a8c4fbac90ddbc3b2d22,
        type: 3}
      propertyPath: m_Mesh
      value: 
      objectReference: {fileID: 1965702971}
    - target: {fileID: 8795149819910281774, guid: cf208f8deec3a8c4fbac90ddbc3b2d22,
        type: 3}
      propertyPath: m_Material
      value: 
      objectReference: {fileID: 13400000, guid: 5b30e3ab5d60c9e42bed81d62aa7f52d,
        type: 2}
    - target: {fileID: 8795149820021856536, guid: cf208f8deec3a8c4fbac90ddbc3b2d22,
        type: 3}
      propertyPath: m_RootOrder
      value: 1
      objectReference: {fileID: 0}
    - target: {fileID: 8795149820021856536, guid: cf208f8deec3a8c4fbac90ddbc3b2d22,
        type: 3}
      propertyPath: m_LocalPosition.x
      value: -44.97
      objectReference: {fileID: 0}
    - target: {fileID: 8795149820021856536, guid: cf208f8deec3a8c4fbac90ddbc3b2d22,
        type: 3}
      propertyPath: m_LocalPosition.y
      value: 0.27799997
      objectReference: {fileID: 0}
    - target: {fileID: 8795149820021856536, guid: cf208f8deec3a8c4fbac90ddbc3b2d22,
        type: 3}
      propertyPath: m_LocalPosition.z
      value: -88.07
      objectReference: {fileID: 0}
    - target: {fileID: 8795149820021856536, guid: cf208f8deec3a8c4fbac90ddbc3b2d22,
        type: 3}
      propertyPath: m_LocalRotation.w
      value: 0
      objectReference: {fileID: 0}
    - target: {fileID: 8795149820021856536, guid: cf208f8deec3a8c4fbac90ddbc3b2d22,
        type: 3}
      propertyPath: m_LocalRotation.x
      value: 0
      objectReference: {fileID: 0}
    - target: {fileID: 8795149820021856536, guid: cf208f8deec3a8c4fbac90ddbc3b2d22,
        type: 3}
      propertyPath: m_LocalRotation.y
      value: 1
      objectReference: {fileID: 0}
    - target: {fileID: 8795149820021856536, guid: cf208f8deec3a8c4fbac90ddbc3b2d22,
        type: 3}
      propertyPath: m_LocalRotation.z
      value: 0
      objectReference: {fileID: 0}
    - target: {fileID: 8795149820021856536, guid: cf208f8deec3a8c4fbac90ddbc3b2d22,
        type: 3}
      propertyPath: m_LocalEulerAnglesHint.x
      value: 0
      objectReference: {fileID: 0}
    - target: {fileID: 8795149820021856536, guid: cf208f8deec3a8c4fbac90ddbc3b2d22,
        type: 3}
      propertyPath: m_LocalEulerAnglesHint.y
      value: 180
      objectReference: {fileID: 0}
    - target: {fileID: 8795149820021856536, guid: cf208f8deec3a8c4fbac90ddbc3b2d22,
        type: 3}
      propertyPath: m_LocalEulerAnglesHint.z
      value: 0
      objectReference: {fileID: 0}
    - target: {fileID: 8795149820021856537, guid: cf208f8deec3a8c4fbac90ddbc3b2d22,
        type: 3}
      propertyPath: m_Name
      value: Chess_Room
      objectReference: {fileID: 0}
    - target: {fileID: 8795149820049074825, guid: cf208f8deec3a8c4fbac90ddbc3b2d22,
        type: 3}
      propertyPath: m_Mesh
      value: 
      objectReference: {fileID: 88070014}
    - target: {fileID: 8795149820049074825, guid: cf208f8deec3a8c4fbac90ddbc3b2d22,
        type: 3}
      propertyPath: m_VersionIndex
      value: 8150
      objectReference: {fileID: 0}
    - target: {fileID: 8795149820049074828, guid: cf208f8deec3a8c4fbac90ddbc3b2d22,
        type: 3}
      propertyPath: m_Mesh
      value: 
      objectReference: {fileID: 88070014}
    - target: {fileID: 8795149820049074829, guid: cf208f8deec3a8c4fbac90ddbc3b2d22,
        type: 3}
      propertyPath: m_Mesh
      value: 
      objectReference: {fileID: 88070014}
    - target: {fileID: 8795149820086974095, guid: cf208f8deec3a8c4fbac90ddbc3b2d22,
        type: 3}
      propertyPath: m_Color.g
      value: 0.48235294
      objectReference: {fileID: 0}
    - target: {fileID: 8795149820086974095, guid: cf208f8deec3a8c4fbac90ddbc3b2d22,
        type: 3}
      propertyPath: m_Intensity
      value: 25
      objectReference: {fileID: 0}
    - target: {fileID: 8795149820086974095, guid: cf208f8deec3a8c4fbac90ddbc3b2d22,
        type: 3}
      propertyPath: m_BoundingSphereOverride.w
      value: 62
      objectReference: {fileID: 0}
    - target: {fileID: 8795149820086974095, guid: cf208f8deec3a8c4fbac90ddbc3b2d22,
        type: 3}
      propertyPath: m_BoundingSphereOverride.x
      value: 4.4580107e-26
      objectReference: {fileID: 0}
    - target: {fileID: 8795149820086974095, guid: cf208f8deec3a8c4fbac90ddbc3b2d22,
        type: 3}
      propertyPath: m_BoundingSphereOverride.y
      value: 1.1482167e-27
      objectReference: {fileID: 0}
    - target: {fileID: 8795149820086974095, guid: cf208f8deec3a8c4fbac90ddbc3b2d22,
        type: 3}
      propertyPath: m_BoundingSphereOverride.z
      value: -1.7717604e-33
      objectReference: {fileID: 0}
    - target: {fileID: 8795149820589527188, guid: cf208f8deec3a8c4fbac90ddbc3b2d22,
        type: 3}
      propertyPath: m_Mesh
      value: 
      objectReference: {fileID: 645695016}
    - target: {fileID: 8795149820589527188, guid: cf208f8deec3a8c4fbac90ddbc3b2d22,
        type: 3}
      propertyPath: m_VersionIndex
      value: 8150
      objectReference: {fileID: 0}
    - target: {fileID: 8795149820589527191, guid: cf208f8deec3a8c4fbac90ddbc3b2d22,
        type: 3}
      propertyPath: m_Mesh
      value: 
      objectReference: {fileID: 645695016}
    - target: {fileID: 8795149820589527192, guid: cf208f8deec3a8c4fbac90ddbc3b2d22,
        type: 3}
      propertyPath: m_Mesh
      value: 
      objectReference: {fileID: 645695016}
    - target: {fileID: 8795149820729076238, guid: cf208f8deec3a8c4fbac90ddbc3b2d22,
        type: 3}
      propertyPath: m_Material
      value: 
      objectReference: {fileID: 13400000, guid: 5b30e3ab5d60c9e42bed81d62aa7f52d,
        type: 2}
    - target: {fileID: 8795149820758522450, guid: cf208f8deec3a8c4fbac90ddbc3b2d22,
        type: 3}
      propertyPath: m_Mesh
      value: 
      objectReference: {fileID: 85331650}
    - target: {fileID: 8795149820758522450, guid: cf208f8deec3a8c4fbac90ddbc3b2d22,
        type: 3}
      propertyPath: m_VersionIndex
      value: 8150
      objectReference: {fileID: 0}
    - target: {fileID: 8795149820758522453, guid: cf208f8deec3a8c4fbac90ddbc3b2d22,
        type: 3}
      propertyPath: m_Mesh
      value: 
      objectReference: {fileID: 85331650}
    - target: {fileID: 8795149820758522454, guid: cf208f8deec3a8c4fbac90ddbc3b2d22,
        type: 3}
      propertyPath: m_Mesh
      value: 
      objectReference: {fileID: 85331650}
    - target: {fileID: 8795149820948218960, guid: cf208f8deec3a8c4fbac90ddbc3b2d22,
        type: 3}
      propertyPath: m_LocalScale.x
      value: 2.8952522
      objectReference: {fileID: 0}
    - target: {fileID: 8795149820948218960, guid: cf208f8deec3a8c4fbac90ddbc3b2d22,
        type: 3}
      propertyPath: m_LocalScale.z
      value: 0.6803913
      objectReference: {fileID: 0}
    - target: {fileID: 8795149820948218960, guid: cf208f8deec3a8c4fbac90ddbc3b2d22,
        type: 3}
      propertyPath: m_LocalPosition.x
      value: -0.6827
      objectReference: {fileID: 0}
    - target: {fileID: 8795149820948218960, guid: cf208f8deec3a8c4fbac90ddbc3b2d22,
        type: 3}
      propertyPath: m_LocalPosition.z
      value: 9.7586
      objectReference: {fileID: 0}
    - target: {fileID: 8795149820953101884, guid: cf208f8deec3a8c4fbac90ddbc3b2d22,
        type: 3}
      propertyPath: m_Material
      value: 
      objectReference: {fileID: 13400000, guid: 5b30e3ab5d60c9e42bed81d62aa7f52d,
        type: 2}
    - target: {fileID: 8795149821119312609, guid: cf208f8deec3a8c4fbac90ddbc3b2d22,
        type: 3}
      propertyPath: m_LocalPosition.y
      value: 0.22
      objectReference: {fileID: 0}
    - target: {fileID: 8795149821405863390, guid: cf208f8deec3a8c4fbac90ddbc3b2d22,
        type: 3}
      propertyPath: m_Intensity
      value: 25
      objectReference: {fileID: 0}
    - target: {fileID: 8795149821405863390, guid: cf208f8deec3a8c4fbac90ddbc3b2d22,
        type: 3}
      propertyPath: m_BoundingSphereOverride.x
      value: 2.0000098
      objectReference: {fileID: 0}
    - target: {fileID: 8795149821405863390, guid: cf208f8deec3a8c4fbac90ddbc3b2d22,
        type: 3}
      propertyPath: m_BoundingSphereOverride.y
      value: 7.6979
      objectReference: {fileID: 0}
    - target: {fileID: 8795149821405863390, guid: cf208f8deec3a8c4fbac90ddbc3b2d22,
        type: 3}
      propertyPath: m_BoundingSphereOverride.z
      value: 5
      objectReference: {fileID: 0}
    m_RemovedComponents: []
    m_RemovedGameObjects:
    - {fileID: 2638675342645774707, guid: cf208f8deec3a8c4fbac90ddbc3b2d22, type: 3}
    m_AddedGameObjects:
    - targetCorrespondingSourceObject: {fileID: 8795149820826203516, guid: cf208f8deec3a8c4fbac90ddbc3b2d22,
        type: 3}
      insertIndex: -1
      addedObject: {fileID: 1141172379}
    - targetCorrespondingSourceObject: {fileID: 8795149820826203516, guid: cf208f8deec3a8c4fbac90ddbc3b2d22,
        type: 3}
      insertIndex: -1
      addedObject: {fileID: 1891648040}
    - targetCorrespondingSourceObject: {fileID: 8795149820826203516, guid: cf208f8deec3a8c4fbac90ddbc3b2d22,
        type: 3}
      insertIndex: -1
      addedObject: {fileID: 961298757}
    m_AddedComponents:
    - targetCorrespondingSourceObject: {fileID: 4085822749429616285, guid: cf208f8deec3a8c4fbac90ddbc3b2d22,
        type: 3}
      insertIndex: -1
      addedObject: {fileID: 8795149820548346436}
    - targetCorrespondingSourceObject: {fileID: 4085822750965988051, guid: cf208f8deec3a8c4fbac90ddbc3b2d22,
        type: 3}
      insertIndex: -1
      addedObject: {fileID: 8795149820548346435}
  m_SourcePrefab: {fileID: 100100000, guid: cf208f8deec3a8c4fbac90ddbc3b2d22, type: 3}
--- !u!4 &8795149820548346432 stripped
Transform:
  m_CorrespondingSourceObject: {fileID: 8795149820826203516, guid: cf208f8deec3a8c4fbac90ddbc3b2d22,
    type: 3}
  m_PrefabInstance: {fileID: 8795149820548346431}
  m_PrefabAsset: {fileID: 0}
--- !u!1 &8795149820548346433 stripped
GameObject:
  m_CorrespondingSourceObject: {fileID: 4085822750965988051, guid: cf208f8deec3a8c4fbac90ddbc3b2d22,
    type: 3}
  m_PrefabInstance: {fileID: 8795149820548346431}
  m_PrefabAsset: {fileID: 0}
--- !u!1 &8795149820548346434 stripped
GameObject:
  m_CorrespondingSourceObject: {fileID: 4085822749429616285, guid: cf208f8deec3a8c4fbac90ddbc3b2d22,
    type: 3}
  m_PrefabInstance: {fileID: 8795149820548346431}
  m_PrefabAsset: {fileID: 0}
--- !u!136 &8795149820548346435
CapsuleCollider:
  m_ObjectHideFlags: 0
  m_CorrespondingSourceObject: {fileID: 0}
  m_PrefabInstance: {fileID: 0}
  m_PrefabAsset: {fileID: 0}
  m_GameObject: {fileID: 8795149820548346433}
  m_Material: {fileID: 0}
  m_IncludeLayers:
    serializedVersion: 2
    m_Bits: 0
  m_ExcludeLayers:
    serializedVersion: 2
    m_Bits: 0
  m_LayerOverridePriority: 0
  m_IsTrigger: 0
  m_ProvidesContacts: 0
  m_Enabled: 1
  serializedVersion: 2
  m_Radius: 0.65018684
  m_Height: 2.262136
  m_Direction: 2
  m_Center: {x: -0.1790026, y: -0.6911428, z: 1.0051205}
--- !u!136 &8795149820548346436
CapsuleCollider:
  m_ObjectHideFlags: 0
  m_CorrespondingSourceObject: {fileID: 0}
  m_PrefabInstance: {fileID: 0}
  m_PrefabAsset: {fileID: 0}
  m_GameObject: {fileID: 8795149820548346434}
  m_Material: {fileID: 0}
  m_IncludeLayers:
    serializedVersion: 2
    m_Bits: 0
  m_ExcludeLayers:
    serializedVersion: 2
    m_Bits: 0
  m_LayerOverridePriority: 0
  m_IsTrigger: 0
  m_ProvidesContacts: 0
  m_Enabled: 1
  serializedVersion: 2
  m_Radius: 0.5151948
  m_Height: 2.3578835
  m_Direction: 2
  m_Center: {x: -0.18429857, y: -0.66880065, z: 1.0106281}
