%YAML 1.1
%TAG !u! tag:unity3d.com,2011:
--- !u!1 &1533966641953780461
GameObject:
  m_ObjectHideFlags: 0
  m_CorrespondingSourceObject: {fileID: 0}
  m_PrefabInstance: {fileID: 0}
  m_PrefabAsset: {fileID: 0}
  serializedVersion: 6
  m_Component:
  - component: {fileID: 4729660522493997188}
  - component: {fileID: 2749655582672671004}
  m_Layer: 6
  m_Name: Stimuli
  m_TagString: Untagged
  m_Icon: {fileID: 0}
  m_NavMeshLayer: 0
  m_StaticEditorFlags: 0
  m_IsActive: 1
--- !u!4 &4729660522493997188
Transform:
  m_ObjectHideFlags: 0
  m_CorrespondingSourceObject: {fileID: 0}
  m_PrefabInstance: {fileID: 0}
  m_PrefabAsset: {fileID: 0}
  m_GameObject: {fileID: 1533966641953780461}
  m_LocalRotation: {x: -0, y: -0, z: -0, w: 1}
  m_LocalPosition: {x: 0, y: 0, z: 0}
  m_LocalScale: {x: 1, y: 1, z: 1}
  m_ConstrainProportionsScale: 0
  m_Children: []
  m_Father: {fileID: 1004823199318494316}
  m_RootOrder: -1
  m_LocalEulerAnglesHint: {x: 0, y: 0, z: 0}
--- !u!114 &2749655582672671004
MonoBehaviour:
  m_ObjectHideFlags: 0
  m_CorrespondingSourceObject: {fileID: 0}
  m_PrefabInstance: {fileID: 0}
  m_PrefabAsset: {fileID: 0}
  m_GameObject: {fileID: 1533966641953780461}
  m_Enabled: 1
  m_EditorHideFlags: 0
  m_Script: {fileID: 11500000, guid: 2d523b1451204f6aa914a27d5deda94c, type: 3}
  m_Name: 
  m_EditorClassIdentifier: 
  shape: 1
  radius: 0.5
  height: 0.5
--- !u!1 &2236087497834265604
GameObject:
  m_ObjectHideFlags: 0
  m_CorrespondingSourceObject: {fileID: 0}
  m_PrefabInstance: {fileID: 0}
  m_PrefabAsset: {fileID: 0}
  serializedVersion: 6
  m_Component:
  - component: {fileID: 1004823199318494316}
  - component: {fileID: 2464244642839016724}
  - component: {fileID: 1668681025}
  - component: {fileID: 586081554953133459}
  - component: {fileID: -46713339006612118}
  - component: {fileID: -8980513795917079585}
  m_Layer: 0
  m_Name: Potato
  m_TagString: Potato
  m_Icon: {fileID: 0}
  m_NavMeshLayer: 0
  m_StaticEditorFlags: 0
  m_IsActive: 1
--- !u!4 &1004823199318494316
Transform:
  m_ObjectHideFlags: 0
  m_CorrespondingSourceObject: {fileID: 0}
  m_PrefabInstance: {fileID: 0}
  m_PrefabAsset: {fileID: 0}
  m_GameObject: {fileID: 2236087497834265604}
  m_LocalRotation: {x: 0, y: 0, z: 0, w: 1}
  m_LocalPosition: {x: 140.736, y: 0.664, z: 69.122}
  m_LocalScale: {x: 1, y: 1, z: 1}
  m_ConstrainProportionsScale: 0
  m_Children:
  - {fileID: 5283754970665618942}
  - {fileID: 4729660522493997188}
  m_Father: {fileID: 0}
  m_RootOrder: 0
  m_LocalEulerAnglesHint: {x: 0, y: 0, z: 0}
--- !u!82 &2464244642839016724
AudioSource:
  m_ObjectHideFlags: 0
  m_CorrespondingSourceObject: {fileID: 0}
  m_PrefabInstance: {fileID: 0}
  m_PrefabAsset: {fileID: 0}
  m_GameObject: {fileID: 2236087497834265604}
  m_Enabled: 1
  serializedVersion: 4
  OutputAudioMixerGroup: {fileID: 24300002, guid: c394d88fc0efc0c46be30bf85b287c3d,
    type: 2}
  m_audioClip: {fileID: 8300000, guid: edd1d47139d008a479d40cf548dabc0c, type: 3}
  m_PlayOnAwake: 0
  m_Volume: 1
  m_Pitch: 1
  Loop: 1
  Mute: 0
  Spatialize: 0
  SpatializePostEffects: 0
  Priority: 128
  DopplerLevel: 1
  MinDistance: 1
  MaxDistance: 500
  Pan2D: 0
  rolloffMode: 0
  BypassEffects: 0
  BypassListenerEffects: 0
  BypassReverbZones: 0
  rolloffCustomCurve:
    serializedVersion: 2
    m_Curve:
    - serializedVersion: 3
      time: 0
      value: 1
      inSlope: 0
      outSlope: 0
      tangentMode: 0
      weightedMode: 0
      inWeight: 0.33333334
      outWeight: 0.33333334
    - serializedVersion: 3
      time: 1
      value: 0
      inSlope: 0
      outSlope: 0
      tangentMode: 0
      weightedMode: 0
      inWeight: 0.33333334
      outWeight: 0.33333334
    m_PreInfinity: 2
    m_PostInfinity: 2
    m_RotationOrder: 4
  panLevelCustomCurve:
    serializedVersion: 2
    m_Curve:
    - serializedVersion: 3
      time: 0
      value: 0.9
      inSlope: 0
      outSlope: 0
      tangentMode: 0
      weightedMode: 0
      inWeight: 0.33333334
      outWeight: 0.33333334
    m_PreInfinity: 2
    m_PostInfinity: 2
    m_RotationOrder: 4
  spreadCustomCurve:
    serializedVersion: 2
    m_Curve:
    - serializedVersion: 3
      time: 0
      value: 0
      inSlope: 0
      outSlope: 0
      tangentMode: 0
      weightedMode: 0
      inWeight: 0.33333334
      outWeight: 0.33333334
    m_PreInfinity: 2
    m_PostInfinity: 2
    m_RotationOrder: 4
  reverbZoneMixCustomCurve:
    serializedVersion: 2
    m_Curve:
    - serializedVersion: 3
      time: 0
      value: 1
      inSlope: 0
      outSlope: 0
      tangentMode: 0
      weightedMode: 0
      inWeight: 0.33333334
      outWeight: 0.33333334
    m_PreInfinity: 2
    m_PostInfinity: 2
    m_RotationOrder: 4
--- !u!114 &1668681025
MonoBehaviour:
  m_ObjectHideFlags: 0
  m_CorrespondingSourceObject: {fileID: 0}
  m_PrefabInstance: {fileID: 0}
  m_PrefabAsset: {fileID: 0}
  m_GameObject: {fileID: 2236087497834265604}
  m_Enabled: 1
  m_EditorHideFlags: 0
  m_Script: {fileID: 11500000, guid: ef6468a1bf577ed8f9eeb555e42c158b, type: 3}
  m_Name: 
  m_EditorClassIdentifier: 
  speed: 2
  rotationSpeed: 0.003
--- !u!54 &586081554953133459
Rigidbody:
  m_ObjectHideFlags: 0
  m_CorrespondingSourceObject: {fileID: 0}
  m_PrefabInstance: {fileID: 0}
  m_PrefabAsset: {fileID: 0}
  m_GameObject: {fileID: 2236087497834265604}
  serializedVersion: 4
  m_Mass: 1
  m_Drag: 0
  m_AngularDrag: 0.05
  m_CenterOfMass: {x: 0, y: 0, z: 0}
  m_InertiaTensor: {x: 1, y: 1, z: 1}
  m_InertiaRotation: {x: 0, y: 0, z: 0, w: 1}
  m_IncludeLayers:
    serializedVersion: 2
    m_Bits: 0
  m_ExcludeLayers:
    serializedVersion: 2
    m_Bits: 0
  m_ImplicitCom: 1
  m_ImplicitTensor: 1
  m_UseGravity: 1
  m_IsKinematic: 0
  m_Interpolate: 0
  m_Constraints: 0
  m_CollisionDetection: 0
--- !u!135 &-46713339006612118
SphereCollider:
  m_ObjectHideFlags: 0
  m_CorrespondingSourceObject: {fileID: 0}
  m_PrefabInstance: {fileID: 0}
  m_PrefabAsset: {fileID: 0}
  m_GameObject: {fileID: 2236087497834265604}
  m_Material: {fileID: 0}
  m_IncludeLayers:
    serializedVersion: 2
    m_Bits: 0
  m_ExcludeLayers:
    serializedVersion: 2
    m_Bits: 0
  m_LayerOverridePriority: 0
  m_IsTrigger: 1
  m_ProvidesContacts: 0
  m_Enabled: 1
  serializedVersion: 3
  m_Radius: 0.33267307
  m_Center: {x: 0, y: 0, z: 0}
--- !u!114 &-8980513795917079585
MonoBehaviour:
  m_ObjectHideFlags: 0
  m_CorrespondingSourceObject: {fileID: 0}
  m_PrefabInstance: {fileID: 0}
  m_PrefabAsset: {fileID: 0}
  m_GameObject: {fileID: 2236087497834265604}
  m_Enabled: 1
  m_EditorHideFlags: 0
  m_Script: {fileID: 11500000, guid: 25719826596569647b8f20c58e9d24b0, type: 3}
  m_Name: 
  m_EditorClassIdentifier: 
  IMPACT_VOLUME: 100
--- !u!1 &6605197346287631766
GameObject:
  m_ObjectHideFlags: 0
  m_CorrespondingSourceObject: {fileID: 0}
  m_PrefabInstance: {fileID: 0}
  m_PrefabAsset: {fileID: 0}
  serializedVersion: 6
  m_Component:
  - component: {fileID: 5283754970665618942}
  - component: {fileID: 4945640989514156683}
  m_Layer: 0
  m_Name: Potato
  m_TagString: Untagged
  m_Icon: {fileID: 0}
  m_NavMeshLayer: 0
  m_StaticEditorFlags: 0
  m_IsActive: 1
--- !u!4 &5283754970665618942
Transform:
  m_ObjectHideFlags: 0
  m_CorrespondingSourceObject: {fileID: 0}
  m_PrefabInstance: {fileID: 0}
  m_PrefabAsset: {fileID: 0}
  m_GameObject: {fileID: 6605197346287631766}
  m_LocalRotation: {x: -0, y: -0, z: -0, w: 1}
  m_LocalPosition: {x: -0.014, y: -0.002, z: -0.109}
  m_LocalScale: {x: 1, y: 1, z: 1}
  m_ConstrainProportionsScale: 0
  m_Children:
  - {fileID: 916469259026149077}
  - {fileID: 9169423195060023157}
  m_Father: {fileID: 1004823199318494316}
  m_RootOrder: -1
  m_LocalEulerAnglesHint: {x: 0, y: 0, z: 0}
--- !u!111 &4945640989514156683
Animation:
  m_ObjectHideFlags: 0
  m_CorrespondingSourceObject: {fileID: 0}
  m_PrefabInstance: {fileID: 0}
  m_PrefabAsset: {fileID: 0}
  m_GameObject: {fileID: 6605197346287631766}
  m_Enabled: 1
  serializedVersion: 3
  m_Animation: {fileID: 7400000, guid: 296df082cb3cad651978393fa75e6889, type: 2}
  m_Animations:
  - {fileID: 7400000, guid: 296df082cb3cad651978393fa75e6889, type: 2}
  m_WrapMode: 0
  m_PlayAutomatically: 1
  m_AnimatePhysics: 0
  m_CullingType: 0
--- !u!1 &6762775594465715864
GameObject:
  m_ObjectHideFlags: 0
  m_CorrespondingSourceObject: {fileID: 0}
  m_PrefabInstance: {fileID: 0}
  m_PrefabAsset: {fileID: 0}
  serializedVersion: 6
  m_Component:
  - component: {fileID: 916469259026149077}
  - component: {fileID: 3845322014562334332}
  - component: {fileID: 3062127414151853069}
  m_Layer: 0
  m_Name: mmGroup0
  m_TagString: Untagged
  m_Icon: {fileID: 0}
  m_NavMeshLayer: 0
  m_StaticEditorFlags: 0
  m_IsActive: 1
--- !u!4 &916469259026149077
Transform:
  m_ObjectHideFlags: 0
  m_CorrespondingSourceObject: {fileID: 0}
  m_PrefabInstance: {fileID: 0}
  m_PrefabAsset: {fileID: 0}
  m_GameObject: {fileID: 6762775594465715864}
  m_LocalRotation: {x: 0, y: -0, z: -0, w: 1}
  m_LocalPosition: {x: -0, y: 0, z: 0}
  m_LocalScale: {x: 1, y: 1, z: 1}
  m_ConstrainProportionsScale: 0
  m_Children: []
  m_Father: {fileID: 5283754970665618942}
  m_RootOrder: -1
  m_LocalEulerAnglesHint: {x: 0, y: 0, z: 0}
--- !u!33 &3845322014562334332
MeshFilter:
  m_ObjectHideFlags: 0
  m_CorrespondingSourceObject: {fileID: 0}
  m_PrefabInstance: {fileID: 0}
  m_PrefabAsset: {fileID: 0}
  m_GameObject: {fileID: 6762775594465715864}
  m_Mesh: {fileID: -6691176145451151428, guid: 7028b221fe4402d999fa3c009c59a587, type: 3}
--- !u!23 &3062127414151853069
MeshRenderer:
  m_ObjectHideFlags: 0
  m_CorrespondingSourceObject: {fileID: 0}
  m_PrefabInstance: {fileID: 0}
  m_PrefabAsset: {fileID: 0}
  m_GameObject: {fileID: 6762775594465715864}
  m_Enabled: 1
  m_CastShadows: 1
  m_ReceiveShadows: 1
  m_DynamicOccludee: 1
  m_StaticShadowCaster: 0
  m_MotionVectors: 1
  m_LightProbeUsage: 1
  m_ReflectionProbeUsage: 1
  m_RayTracingMode: 2
  m_RayTraceProcedural: 0
  m_RenderingLayerMask: 1
  m_RendererPriority: 0
  m_Materials:
  - {fileID: 2100000, guid: deee7f723b611ee4cac7aa62a7ad0504, type: 2}
  m_StaticBatchInfo:
    firstSubMesh: 0
    subMeshCount: 0
  m_StaticBatchRoot: {fileID: 0}
  m_ProbeAnchor: {fileID: 0}
  m_LightProbeVolumeOverride: {fileID: 0}
  m_ScaleInLightmap: 1
  m_ReceiveGI: 1
  m_PreserveUVs: 0
  m_IgnoreNormalsForChartDetection: 0
  m_ImportantGI: 0
  m_StitchLightmapSeams: 1
  m_SelectedEditorRenderState: 3
  m_MinimumChartSize: 4
  m_AutoUVMaxDistance: 0.5
  m_AutoUVMaxAngle: 89
  m_LightmapParameters: {fileID: 0}
  m_SortingLayerID: 0
  m_SortingLayer: 0
  m_SortingOrder: 0
  m_AdditionalVertexStreams: {fileID: 0}
--- !u!1001 &8704029457863329950
PrefabInstance:
  m_ObjectHideFlags: 0
  serializedVersion: 2
  m_Modification:
    serializedVersion: 3
    m_TransformParent: {fileID: 5283754970665618942}
    m_Modifications:
    - target: {fileID: -8679921383154817045, guid: 814010697045f2d8993b06eba8ad3a6c,
        type: 3}
      propertyPath: m_RootOrder
      value: 0
      objectReference: {fileID: 0}
    - target: {fileID: -8679921383154817045, guid: 814010697045f2d8993b06eba8ad3a6c,
        type: 3}
      propertyPath: m_LocalPosition.x
      value: 0.026
      objectReference: {fileID: 0}
    - target: {fileID: -8679921383154817045, guid: 814010697045f2d8993b06eba8ad3a6c,
        type: 3}
      propertyPath: m_LocalPosition.y
      value: -0.656
      objectReference: {fileID: 0}
    - target: {fileID: -8679921383154817045, guid: 814010697045f2d8993b06eba8ad3a6c,
        type: 3}
      propertyPath: m_LocalPosition.z
      value: 0.2673
      objectReference: {fileID: 0}
    - target: {fileID: -8679921383154817045, guid: 814010697045f2d8993b06eba8ad3a6c,
        type: 3}
      propertyPath: m_LocalRotation.w
      value: 1
      objectReference: {fileID: 0}
    - target: {fileID: -8679921383154817045, guid: 814010697045f2d8993b06eba8ad3a6c,
        type: 3}
      propertyPath: m_LocalRotation.x
      value: 0
      objectReference: {fileID: 0}
    - target: {fileID: -8679921383154817045, guid: 814010697045f2d8993b06eba8ad3a6c,
        type: 3}
      propertyPath: m_LocalRotation.y
      value: 0
      objectReference: {fileID: 0}
    - target: {fileID: -8679921383154817045, guid: 814010697045f2d8993b06eba8ad3a6c,
        type: 3}
      propertyPath: m_LocalRotation.z
      value: 0
      objectReference: {fileID: 0}
    - target: {fileID: -8679921383154817045, guid: 814010697045f2d8993b06eba8ad3a6c,
        type: 3}
      propertyPath: m_LocalEulerAnglesHint.x
      value: 0
      objectReference: {fileID: 0}
    - target: {fileID: -8679921383154817045, guid: 814010697045f2d8993b06eba8ad3a6c,
        type: 3}
      propertyPath: m_LocalEulerAnglesHint.y
      value: 0
      objectReference: {fileID: 0}
    - target: {fileID: -8679921383154817045, guid: 814010697045f2d8993b06eba8ad3a6c,
        type: 3}
      propertyPath: m_LocalEulerAnglesHint.z
      value: 0
      objectReference: {fileID: 0}
    - target: {fileID: -6105442770558923251, guid: 814010697045f2d8993b06eba8ad3a6c,
        type: 3}
      propertyPath: m_LocalPosition.x
      value: 0.01789093
      objectReference: {fileID: 0}
    - target: {fileID: -6105442770558923251, guid: 814010697045f2d8993b06eba8ad3a6c,
        type: 3}
      propertyPath: m_LocalPosition.y
      value: 0.0023998371
      objectReference: {fileID: 0}
    - target: {fileID: -6105442770558923251, guid: 814010697045f2d8993b06eba8ad3a6c,
        type: 3}
      propertyPath: m_LocalPosition.z
      value: -0.0008499862
      objectReference: {fileID: 0}
    - target: {fileID: -6105442770558923251, guid: 814010697045f2d8993b06eba8ad3a6c,
        type: 3}
      propertyPath: m_LocalRotation.w
      value: 0.47621325
      objectReference: {fileID: 0}
    - target: {fileID: -6105442770558923251, guid: 814010697045f2d8993b06eba8ad3a6c,
        type: 3}
      propertyPath: m_LocalRotation.x
      value: 0.51603717
      objectReference: {fileID: 0}
    - target: {fileID: -6105442770558923251, guid: 814010697045f2d8993b06eba8ad3a6c,
        type: 3}
      propertyPath: m_LocalRotation.y
      value: 0.667619
      objectReference: {fileID: 0}
    - target: {fileID: -6105442770558923251, guid: 814010697045f2d8993b06eba8ad3a6c,
        type: 3}
      propertyPath: m_LocalRotation.z
      value: -0.24740952
      objectReference: {fileID: 0}
    - target: {fileID: -6105442770558923251, guid: 814010697045f2d8993b06eba8ad3a6c,
        type: 3}
      propertyPath: m_LocalEulerAnglesHint.x
      value: 55.269
      objectReference: {fileID: 0}
    - target: {fileID: -6105442770558923251, guid: 814010697045f2d8993b06eba8ad3a6c,
        type: 3}
      propertyPath: m_LocalEulerAnglesHint.y
      value: 138.095
      objectReference: {fileID: 0}
    - target: {fileID: -6105442770558923251, guid: 814010697045f2d8993b06eba8ad3a6c,
        type: 3}
      propertyPath: m_LocalEulerAnglesHint.z
      value: 52.732
      objectReference: {fileID: 0}
    - target: {fileID: 919132149155446097, guid: 814010697045f2d8993b06eba8ad3a6c,
        type: 3}
      propertyPath: m_Name
      value: Chibi_Wings
      objectReference: {fileID: 0}
    - target: {fileID: 5095697280254376175, guid: 814010697045f2d8993b06eba8ad3a6c,
        type: 3}
      propertyPath: m_LocalScale.z
      value: 1
      objectReference: {fileID: 0}
    - target: {fileID: 5095697280254376175, guid: 814010697045f2d8993b06eba8ad3a6c,
        type: 3}
      propertyPath: m_LocalPosition.x
      value: -0.00825
      objectReference: {fileID: 0}
    - target: {fileID: 5095697280254376175, guid: 814010697045f2d8993b06eba8ad3a6c,
        type: 3}
      propertyPath: m_LocalPosition.y
      value: 0.0042
      objectReference: {fileID: 0}
    - target: {fileID: 5095697280254376175, guid: 814010697045f2d8993b06eba8ad3a6c,
        type: 3}
      propertyPath: m_LocalPosition.z
      value: -0.0024
      objectReference: {fileID: 0}
    - target: {fileID: 5095697280254376175, guid: 814010697045f2d8993b06eba8ad3a6c,
        type: 3}
      propertyPath: m_LocalRotation.w
      value: 0.45761615
      objectReference: {fileID: 0}
    - target: {fileID: 5095697280254376175, guid: 814010697045f2d8993b06eba8ad3a6c,
        type: 3}
      propertyPath: m_LocalRotation.x
      value: 0.48418295
      objectReference: {fileID: 0}
    - target: {fileID: 5095697280254376175, guid: 814010697045f2d8993b06eba8ad3a6c,
        type: 3}
      propertyPath: m_LocalRotation.y
      value: -0.7096624
      objectReference: {fileID: 0}
    - target: {fileID: 5095697280254376175, guid: 814010697045f2d8993b06eba8ad3a6c,
        type: 3}
      propertyPath: m_LocalRotation.z
      value: 0.22920217
      objectReference: {fileID: 0}
    - target: {fileID: 5095697280254376175, guid: 814010697045f2d8993b06eba8ad3a6c,
        type: 3}
      propertyPath: m_LocalEulerAnglesHint.x
      value: 50.215
      objectReference: {fileID: 0}
    - target: {fileID: 5095697280254376175, guid: 814010697045f2d8993b06eba8ad3a6c,
        type: 3}
      propertyPath: m_LocalEulerAnglesHint.y
      value: -138.075
      objectReference: {fileID: 0}
    - target: {fileID: 5095697280254376175, guid: 814010697045f2d8993b06eba8ad3a6c,
        type: 3}
      propertyPath: m_LocalEulerAnglesHint.z
      value: -48.254
      objectReference: {fileID: 0}
    m_RemovedComponents: []
    m_RemovedGameObjects: []
    m_AddedGameObjects: []
    m_AddedComponents: []
  m_SourcePrefab: {fileID: 100100000, guid: 814010697045f2d8993b06eba8ad3a6c, type: 3}
--- !u!4 &9169423195060023157 stripped
Transform:
  m_CorrespondingSourceObject: {fileID: -8679921383154817045, guid: 814010697045f2d8993b06eba8ad3a6c,
    type: 3}
  m_PrefabInstance: {fileID: 8704029457863329950}
  m_PrefabAsset: {fileID: 0}
